2962 4770
717 365 876 460 jer-

291 545 491 628 καλοόμενον
524 541 663 617 ὕπατον,
698 539 807 628 ψυχὴν
840 541 923 606 εἶναι
952 539 1010 606 cmi
1028 534 1157 614 ’παντὸς
1187 543 1307 606 οἴεται.

291 663 431 726 τουτέστι
463 663 521 724 τοῦ
555 657 676 741 κόσμον
708 652 766 742 την
794 652 904 740 ψυχὴν
931 653 1017 721 θεὸν
1045 650 1307 738 ὑπολαμβάνων,

292 772 388 850 αὐτὸς
410 771 498 862 αὐτῷ
520 776 744 859 περιπείρεται.
778 769 796 834 ὁ
818 767 880 854 γάρ
903 790 953 833 τοι
975 774 1144 856 μόχρι-τῆς
1167 767 1307 856 σελήνης

291 884 389 976 αὐτῆς
413 889 560 972 διορίζων
582 886 640 972 την
663 887 833 970 πρόνοιαν,
862 883 971 950 ἔπειτα
994 881 1052 950 τόν
1075 886 1196 970 κόσμον
1218 882 1307 951 θεὸν

291 1005 479 1093 ἢγοόμενος,
507 1006 742 1089 περιτρέπεται,
772 998 830 1066 τόν
857 1002 994 1088 ἄμοιρον
1021 1001 1080 1064 τοῦ
1108 1001 1193 1066 θεοῦ
1221 998 1306 1066 θεὸν

294 1119 502 1205 δογματίζων.
542 1119 637 1184 Multo
667 1103 761 1203 magis
785 1131 882 1182 autem
907 1117 1065 1184 Clementis
1087 1116 1161 1180 fides
1186 1095 1304 1182 ab'ista

292 1240 439 1304 columnia
461 1236 614 1310 liberatur,
642 1237 667 1298 si
690 1235 787 1298 iocum
812 1234 864 1330 Ar.
889 1236 983 1319 ipsius
1007 1229 1192 1317 aSimpiicic
1217 1232 1304 1298 nobis

292 1367 441 1419 servatum
466 1353 642 1436 apponimus
666 1349 718 1414 Ar.
744 1349 836 1414 schol.
861 1346 940 1412 473b
960 1346 1014 1412 40.
1038 1341 1180 1430 χρῆσόν
1204 1343 1305 1412 ἀκοῦ-

294 1485 347 1530 σαι
379 1467 433 1549 τῆς
463 1460 699 1547 Ἀριστοτέλους
734 1462 865 1538 λέξεως,
906 1441 951 1534 τός
984 1461 1023 1545 ἢν
1058 1457 1308 1544 ἀποτεινόμενος

291 1580 392 1645 ταῦτα
415 1579 523 1646 πάντα
544 1579 706 1662 γέγραφεν
729 1573 830 1649 οὕτως
853 1573 992 1654 όχονσαν
1021 1571 1127 1638 »ἀλλὰ
1150 1571 1215 1660 μὴν
1231 1573 1308 1642 οὐδ’

293 1692 355 1762 ὑπό
381 1694 488 1780 ψυχῆς
517 1691 587 1758 οἷόν
613 1715 647 1754 τε
670 1692 754 1756 εἶναι
775 1687 832 1774 τὴν
853 1685 1006 1774 τοιαύτην
1029 1687 1110 1776 ζωὴν
1133 1685 1264 1757 ἄλυπον
1288 1695 1309 1777 η“

290 1814 469 1894 μακαρίαν·
494 1803 618 1890 ἀνάγκη
641 1802 704 1891 γὰρ
729 1810 784 1868 καὶ
798 1803 855 1891 την
870 1809 993 1890 κίνησιν
1007 1801 1088 1887 μετὰ
1104 1809 1178 1887 βίας
1194 1801 1306 1884 οὖσαν,

291 1927 380 2008 εἴπερ
409 1931 505 1995 κινεῖ,
534 1924 698 2004 φέρεσθαι
726 1916 907 2005 πεφυκότος
929 1921 986 1986 τοῦ
1009 1919 1138 2003 πρώτου
1160 1921 1307 2004 σώματος

291 2033 399 2112 ἄλλως
422 2046 505 2102 κινεῖ
525 2035 663 2115 συνεχῶς
687 2031 767 2116 (sort.
792 2037 969 2119 Ιερ.,εἴπερ,
994 2038 1157 2120 φέρεσθαι
1179 2055 1256 2106 rec.
1271 2058 1305 2102 π.

292 2171 319 2218 σ.
335 2151 450 2230 ἄλλως,
473 2159 555 2218 κινεῖ
569 2149 729 2232 συνεχῶς),
754 2146 897 2230 ἄσχολον
911 2151 994 2216 εἶναι
1009 2154 1063 2214 καὶ
1079 2145 1184 2235 πόσης
1199 2147 1307 2236 ἀπηλ-

290 2268 454 2352 λαγμένην
477 2266 640 2350 ραστώνης
663 2264 855 2348 imperem·

359 2382 449 2468 Quod
472 2402 542 2447 vcro
573 2381 611 2446 ad
640 2381 770 2466 reliquos
798 2381 881 2446 locos
910 2384 939 2446 in
964 2381 1026 2448 Cic.
1057 2380 1093 2447 de
1122 2395 1183 2446 nat.
1209 2383 1304 2460 deor,

291 2501 329 2565 ad
344 2499 398 2564 Ar.
423 2498 587 2562 doctrinam
611 2509 787 2582 spectantes,
813 2500 932 2572 attinet,
957 2499 1016 2584 ipsi
1038 2519 1108 2562 sanc
1132 2519 1184 2583 per
1205 2519 1237 2562 se
1252 2499 1304 2562 fir-

290 2636 371 2680 mum
395 2624 600 2699 argumentum
623 2612 756 2676 nandum
779 2613 986 2698 suppeditant3
1011 2615 1110 2676 nescio
1126 2625 1236 2688 tamen,
1263 2636 1302 2677 an
1328 2599 1333 2606 ’

290 2732 321 2792 in
345 2729 453 2792 certius
475 2724 674 2790 testimonium
691 2726 775 2790 evehi
790 2728 916 2813 possint.
952 2728 1053 2815 Atque
1068 2728 1221 2792 rectissime
1233 2727 1298 2810 jam

290 2844 446 2910 Daviesius
470 2843 500 2904 in
524 2844 740 2906 commentariis
763 2843 801 2906 ad
818 2843 880 2908 Cic.
906 2845 942 2908 de
965 2857 1025 2908 nat.
1051 2845 1131 2908 deor.
1156 2854 1185 2905 ct
1204 2841 1301 2906 Bran-

291 2960 383 3024 disius
399 2958 417 3022 l.
431 2957 450 3021 l.
469 2956 505 3021 ad
522 2954 584 3021 Cic.
597 2957 630 3034 Ii,
649 2955 688 3020 15
704 2956 896 3022 Plutarchum
914 2959 949 3022 de
965 2959 1040 3045 piac.
1056 2960 1128 3044 phil.
1137 2957 1174 3035 V,
1188 2957 1247 3035 20,
1272 2972 1300 3024 et

239 3059 243 3065 ¹
291 3075 337 3140 ad.
355 3075 387 3150 ld,
402 3070 442 3137 37
466 3070 590 3137 Sextum
607 3071 787 3158 Empiricum
805 3071 920 3137 advers.
939 3074 1107 3140 mathemat.
1125 3072 1175 3152 lx,
1194 3073 1243 3150 20,
1256 3069 1291 3136 21

291 3190 495 3261 contulerunt,
521 3209 579 3270 qua
603 3189 633 3248 in
656 3207 687 3249 re
711 3199 796 3252 notes
820 3185 945 3252 Sextum
961 3188 1141 3276 Empiricum
1166 3191 1218 3258 Ar.
1244 3211 1299 3252 ma·

290 3302 463 3388 taphysicos
492 3291 562 3366 sade
593 3300 685 3366 libros
713 3301 789 3368 benc
817 3307 954 3390 cognitos
977 3305 1118 3372 habuisse
1141 3304 1190 3388 [ci.
1216 3304 1298 3372 Sext.

288 3419 374 3505 Emp.
399 3416 466 3483 adv.
491 3417 658 3482 mathemat.
674 3417 762 3494 1x‚7
788 3432 817 3483 et
839 3420 892 3485 Ar.
917 3422 1046 3508 metaph.
1071 3427 1115 3486 A.
1132 3443 1158 3488 c.
1176 3419 1219 3503 31.
1256 3421 1302 3485 Ex

289 3527 335 3602 his
357 3537 434 3600 loci!
454 3547 565 3600 eertum
590 3549 726 3622 apparet,
752 3535 804 3598 Ar.
831 3536 994 3600 doctrinam
1019 3535 1055 3600 dc
1078 3541 1199 3602 summis
1220 3539 1301 3623 prin-

288 3651 378 3740 'epira
397 3651 427 3712 in
451 3652 514 3715 aliis
539 3673 659 3738 quoquc
682 3650 766 3715 libris
790 3650 960 3728 tradidisse,
985 3663 1013 3714 et
1037 3651 1122 3717 valde
1145 3653 1302 3719 verisimile

288 3769 338 3845 fit,
366 3765 426 3832 Cic.
452 3770 481 3829 in
506 3768 561 3831 iliis
585 3765 668 3830 libris
693 3765 729 3831 de
753 3780 812 3831 nat.
831 3765 912 3831 deor.
939 3789 976 3831 cx
1000 3767 1102 3833 eodem
1124 3768 1205 3833 sonte
1227 3770 1302 3834 hau·
1335 3812 1340 3818 -
1443 3807 1445 3870 η

288 3885 371 3946 sisse.
406 3881 530 3948 Accedit
546 3905 616 3948 vcro
641 3883 715 3948 alius
731 3884 814 3947 locus
830 3882 1026 3969 pulcherrima
1042 3905 1200 3952 consonus.
1238 3882 1299 3950 Cic.

290 3999 365 4062 enim
393 3994 429 4058 de
452 4009 512 4062 nat.
539 3997 619 4066 deor.
644 3999 665 4075 1,
683 3998 726 4066 38
750 3999 834 4085 dicit:
873 3997 1047 4087 »Orpheum
1069 4013 1188 4086 poetam
1210 3997 1301 4065 docet
