2962 4770
764 363 807 433 so

281 539 428 615 turbatus*
444 539 502 625 est,
530 540 563 612 ut
585 553 674 611 manu
698 520 1009 634 correctoris'aliquid
1027 539 1181 611 emendari
1204 565 1294 633 posse

283 663 443 752 desperem.
483 637 579 728 Multo
603 663 790 728 verisimilius
814 675 866 740 est,
895 662 948 727 Ar.
966 657 1045 728 lnuu²e
1068 661 1177 726 librum
1199 655 1294 727 retra-

283 790 409 844 ctantem
434 780 490 844 alia
517 779 666 864 adjecisse,
692 779 748 842 alia
766 781 935 843 immutasse
959 781 1192 865 correxisseque,
1217 798 1293 864 quae

282 915 352 980 oum·
376 896 532 980 conjuncta
562 898 590 958 in
615 905 729 960 textum
752 895 832 959 illata
858 898 931 971 sint,
962 893 1095 959 ordinem
1120 889 1293 980 disputandi

281 1009 438 1074 laceratum
464 1031 535 1073 esse.

352 1121 450 1187 totth
467 1122 517 1188 18.
548 1133 678 1208 σημεῖον
706 1124 755 1188 δέ·
786 1161 819 1176 -
846 1120 927 1188 οὖσα
956 1121 989 1187 δ’
1002 1121 1041 1188 οὔ
1064 1119 1106 1187 26
1124 1118 1292 1188 Verborum

289 1236 328 1322 sip
351 1234 414 1322 γὰρ
438 1235 602 1323 σοφιστικὴ
626 1241 805 1324 φαινομένη
828 1237 929 1323 μόνον
952 1241 1052 1323 σοφία
1074 1235 1155 1312 ἐστί,
1184 1241 1239 1300 καὶ
1262 1235 1295 1300 οἳ

283 1351 476 1417 διαλεκτικοὶ
501 1351 704 1431 διαλέγονται
727 1359 801 1436 περὶ
822 1346 993 1428 ἁπάντων,
1022 1347 1132 1417 κοινὸν
1155 1350 1191 1415 di
1214 1355 1294 1416 πᾶσι

280 1464 316 1530 ad
339 1467 379 1531 ὄν
401 1466 499 1531 ἐστιν·
525 1465 731 1546 διαλέγονται
754 1466 792 1531 δὲ
813 1473 887 1551 περὶ
908 1465 1030 1531 τούτων
1054 1465 1153 1550 δῆλον
1173 1464 1223 1530 ὅτι
1238 1463 1295 1530 διὰ

280 1576 315 1645 ud
345 1580 400 1665 τῆς
426 1579 623 1666 φιλοσοφίας
643 1582 726 1644 εἶναι
749 1577 833 1644 αὐτὰ
856 1581 977 1676 plasta·
1009 1601 1097 1666 quam
1122 1580 1292 1647 difficillima

280 1699 318 1760 sit
352 1694 564 1771 conformatio,
598 1714 635 1760 ex
670 1699 862 1782 interpretum
899 1695 1105 1781 editorumque
1134 1696 1292 1762 conatibus

179 1867 185 1882 ,
281 1831 456 1896 cognosces,
487 1829 613 1896 quorum
644 1809 728 1897 sytt.
753 1811 845 1876 Belalr.
869 1810 979 1875 Brand.
1002 1810 1191 1896 parenthesin
1222 1825 1290 1897 post

280 1920 447 1998 ἁπάντων,
472 1923 718 1989 Winltelmannus
748 1938 777 1990 et
800 1925 1009 2012 Schweglerus
1036 1936 1106 2010 post
1134 1924 1172 1988 ὄν
1195 1921 1288 2001 ἐστιν,

279 2037 434 2104 Bonitzius
465 2037 590 2124 denique
618 2040 714 2124 primo
743 2051 813 2125 post
843 2044 943 2123 σοφία
969 2037 1035 2100 ἐστί
1057 2039 1157 2115 elusit,
1185 2052 1288 2124 postea

278 2175 402 2240 prorsus
431 2153 559 2218 sustulit.
607 2152 668 2218 Sed
696 2157 823 2240 primum
854 2151 1058 2231 διαλέγονται
1081 2151 1118 2216 δὲ
1139 2156 1180 2218 itu
1203 2155 1286 2217 unire

278 2266 523 2353 praecedentibus
557 2260 678 2356 sodada
705 2271 765 2350 μὲν
793 2267 989 2364 respondent,
1025 2281 1059 2333 ut
1094 2271 1289 2356 interruptam

279 2383 443 2447 orationem
467 2402 553 2468 aegre
576 2381 676 2448 seram.
720 2383 832 2450 Deinde
855 2387 938 2471 prior
960 2403 1029 2470 pars
1051 2375 1071 2468 ἢ
1093 2377 1157 2469 γὰρ
1174 2423 1208 2436 -
1225 2379 1290 2448 dori

278 2496 381 2562 iisdem
404 2497 464 2562 iere
480 2498 578 2564 verbis
601 2499 702 2584 paullo
725 2513 795 2587 post
817 2496 859 2564 26
880 2496 900 2585 ἢ
924 2497 960 2562 δὲ
983 2496 1147 2584 σοφιστικὴ
1168 2517 1286 2583 φαινο-

277 2616 372 2698 μένη,
400 2609 482 2678 οὖσα
506 2609 538 2676 d’
561 2607 603 2676 οὔ
624 2617 783 2700 repetitur,
813 2617 962 2702 posterior
984 2636 1055 2679 vero
1082 2616 1135 2677 aui
1161 2608 1196 2675 ai

277 2731 350 2810 trapi
382 2723 585 2803 ἁπάντων,
619 2722 759 2792 κοινὸν
792 2726 835 2791 δὲ
869 2727 964 2792 πᾶσι
997 2724 1033 2791 τὸ
1066 2726 1104 2792 ὅν
1132 2725 1281 2792 decorita

279 2844 480 2929 quaestionem
510 2841 635 2919 dirimit,
665 2855 699 2908 ut
728 2845 879 2929 sequeutia
903 2843 996 2910 verba
1024 2841 1227 2923 διαλέγονται
1249 2838 1283 2904 dl

281 2995 315 3010 -
343 2957 445 3019 oleato
467 2969 519 3021 aut
542 2972 770 3044 supervacanea,
796 2959 908 3022 aurita
934 2977 999 3021 eum
1022 2961 1187 3044 posteriore
1202 2953 1286 3044 p'arte

276 3072 576 3158 conjungendarum,
594 3085 628 3136 ut
644 3072 680 3136 ad
697 3073 887 3157 sophisticam
904 3084 994 3136 artem
1011 3071 1112 3135 referri
1128 3082 1284 3159 nequeant.

277 3183 365 3268 Quod
388 3189 412 3249 si
435 3185 547 3260 fereris,
573 3183 742 3272 imperleeta
766 3197 864 3250 manet
880 3185 1101 3250 demonstratio.
1137 3186 1286 3250 Violatam

276 3300 402 3386 denique
425 3302 568 3365 orationis
592 3301 765 3387 elegantiam
789 3303 900 3364 iteratis
924 3299 1031 3365 eisdem
1055 3299 1153 3366 verbis
1177 3292 1286 3364 taatess

274 3431 388 3494 raucae
416 3414 453 3479 δὲ
482 3415 584 3480 afferre
612 3417 717 3503 aliquis
746 3418 871 3501 poterit,
904 3416 985 3504 quod
1014 3418 1077 3503 ipse
1103 3429 1284 3480 tamennon

274 3521 377 3616 urgeo.
417 3529 449 3592 ld
475 3542 554 3594 terte
577 3533 770 3618 consequitur
793 3529 867 3596 duas
890 3531 954 3595 illas
977 3544 1076 3616 partes
1100 3533 1284 3616 importunas

274 3665 347 3721 esse,
373 3647 541 3732 optimeque
565 3627 610 3709 ita
629 3644 779 3730 explicari,
804 3657 838 3709 ut
860 3647 987 3730 priorem
1011 3657 1125 3708 textum
1143 3666 1200 3708 uua
1218 3622 1284 3707 earn

273 3759 405 3844 pleniore
421 3758 624 3844 disputatione
639 3760 668 3822 in
684 3761 815 3846 margine
832 3759 946 3844 adjecta
960 3760 989 3822 in
1004 3771 1118 3823 textum
1130 3759 1284 3842 irrepsisse

272 3886 445 3938 statuamus.
