2910 4778
699 345 860 452 *ee-

270 513 421 618 ἧπρούτη
444 533 463 618 ἢ
487 530 522 596 ἓν
537 528 657 620 ἑκάστῳ
681 544 710 597 et
733 532 824 597 habes
848 537 1021 600 sententiam
1045 537 1138 601 multo
1162 538 1285 604 nitidio-

191 627 196 632 ἢ
270 670 341 713 τοττι.
386 647 460 712 Nam
490 650 541 713 Ar.
573 671 633 713 non
663 671 794 735 premere
825 651 902 716 vult:
934 651 1012 716 unde
1041 655 1152 738 primus
1185 669 1283 722 motus

270 765 359 830 rebus
382 767 499 830 innatus
517 778 569 842 est,
594 765 647 830 sed
663 765 693 829 id
709 779 837 852 spectat:
863 766 939 834 unde
956 771 1069 855 primus
1085 785 1184 838 motus
1201 765 1284 860 (pro-

268 879 432 964 ficiscitur),
457 885 508 968 qui
532 882 621 946 rebus
645 885 750 946 insitus
774 884 821 948 sit.

338 997 437 1062 1015ίὶ
461 996 511 1063 11.
541 999 712 1084 μεταφορᾷ
741 995 773 1062 d'
796 998 857 1084 ἤδη
887 1004 941 1063 καὶ
969 999 1053 1077 ὅλως
1076 1004 1166 1068 πᾶσα
1189 1002 1283 1070 odoia

269 1110 364 1200 φύσις
394 1113 519 1194 λέγεται
550 1112 605 1178 dmi
634 1115 761 1199 ταύτην,
791 1113 840 1178 ὅτι
869 1120 924 1178 καὶ
952 1114 970 1200 ἦ
1001 1101 1096 1202 φύσις
1119 1115 1215 1185 odoia
1237 1125 1283 1196 τίς

227 1224 232 1230 ’
269 1228 363 1294 ἔστιν.
396 1230 508 1307 Rebus,
534 1253 609 1318 quae
632 1245 739 1295 natura
763 1245 901 1296 creantur
916 1228 957 1312 (v.
974 1229 1012 1297 11
1038 1234 1092 1319 τῆς
1105 1236 1279 1319 γενέσεως),

267 1347 451 1411 substantiae
465 1349 631 1424 universae,
652 1360 681 1412 et
697 1359 801 1410 natura
819 1361 975 1434 generatae
992 1361 1022 1412 et
1043 1364 1104 1417 arte
1120 1353 1278 1431 coniectae,

268 1475 476 1549 opponuntur,
509 1484 582 1549 quas
607 1475 637 1526 et
659 1465 739 1549 ipsas
763 1462 887 1550 propter
910 1464 1034 1529 sormam
1057 1465 1127 1546 (dade
1148 1463 1276 1548 cqco'cpv)

183 1606 186 1614 ·
267 1577 379 1662 φύσεις
402 1579 543 1664 appellari
568 1579 619 1642 Ar.
646 1579 725 1642 dicit.
767 1579 832 1642 lam
857 1602 932 1667 quac
956 1595 1120 1669 sequuntur
1142 1580 1274 1666 equidem

267 1717 327 1758 non
351 1698 513 1781 perspicio:
538 1692 588 1758 ὅτι
610 1697 673 1756 καὶ.
686 1739 693 1756 .
707 1739 735 1757 ..
765 1695 963 1762 Ειοηίιιιοιιιο
981 1721 1081 1763 omnes
1097 1697 1276 1762 substantias

267 1809 377 1894 φύσεις
396 1812 465 1894 jure
488 1811 561 1886 dici,
586 1824 675 1896 atque
696 1814 782 1875 etiam
804 1834 851 1876 res
873 1815 1037 1878 artificiales
1060 1812 1277 1902 quodammodo

267 1938 438 1990 naturarum
470 1925 641 2011 dignitatem
671 1925 729 1991 sibi
752 1927 901 1992 vindicare
932 1927 968 2013 (ἦ
992 1933 1084 2018 τέχνῃ
1110 1931 1278 2012 γιγνομένη

267 2037 360 2106 odolo
390 2041 483 2128 φύσις
513 2045 559 2118 τίς
588 2041 685 2124 ἐστιν)
709 2045 762 2109 Ar.
789 2043 1049 2108 demonstrandum
1078 2044 1182 2120 luerit,
1219 2066 1280 2107 non

267 2158 368 2224 afferre
385 2159 498 2237 debuit,
517 2173 652 2225 naturam
669 2183 732 2226 esse
749 2160 942 2225 substantiam
960 2159 1118 2247 quandam.
1144 2159 1278 2237 Accedit,

266 2275 348 2362 quod
364 2276 448 2340 valde
473 2277 597 2341 dubium
621 2291 674 2355 est,
700 2301 759 2365 quo
784 2299 872 2363 sensu
895 2273 914 2360 ἡ
937 2275 1046 2362 φύσις,
1072 2298 1160 2363 quam
1176 2299 1279 2340 vocem

173 2415 174 2420 ¹
266 2393 365 2456 multis
389 2391 484 2456 modis
509 2397 646 2482 usurpari
666 2395 717 2458 Ar.
744 2393 801 2458 hoc
824 2395 889 2480 ipso
915 2397 1010 2482 capite
1035 2407 1143 2468 monet,
1169 2393 1278 2458 hocin

265 2510 331 2574 loco
356 2509 524 2596 accipienda
549 2515 596 2576 sit.
632 2511 734 2598 Neque
751 2511 922 2575 Alexander
937 2512 1012 2575 hane
1035 2511 1188 2575 lectionem
1211 2521 1277 2573 ante

265 2628 368 2692 oeulos
391 2627 530 2689 habuisse
547 2625 673 2686 videtur.
706 2627 769 2686 Aut
789 2626 837 2686 illa
854 2624 944 2688 verba
967 2628 997 2686 in
1015 2638 1099 2689 textu
1116 2623 1278 2692 Alexandri

265 2741 430 2816 doluerunt,
456 2753 485 2804 et
499 2752 603 2826 postea
620 2762 657 2803 ex
674 2761 813 2826 perverso
830 2740 1006 2826 glossemate
1022 2714 1052 2804 in
1068 2755 1183 2806 textum
1199 2743 1278 2806 illata

265 2871 349 2934 sunt,
380 2869 432 2921 aut
453 2855 624 2922 Alexander
647 2856 704 2922 tale
735 2856 807 2944 quid
831 2858 948 2924 habuit:
985 2857 1033 2922 ὅτι
1056 2855 1075 2942 ἢ
1100 2857 1164 2922 τῶν
1186 2861 1277 2947 τέχνῃ

263 2977 462 3055 γιγνομένων
486 2965 581 3036 edcta
605 2973 701 3059 φύσις
722 2977 769 3047 τίς
792 2975 884 3038 ἐστιν.

334 3086 432 3154 1016ὓ
457 3088 507 3154 17.
537 3086 573 3152 τύ
606 3091 642 3152 δὲ
666 3087 718 3149 ’ἑνὶ
741 3088 825 3155 εἶναι
848 3081 930 3168 α’ρχὴ
954 3089 1017 3149 τινί
1038 3085 1123 3149 ἐστιν
1146 3084 1278 3174 ἀριθμῷ

264 3203 361 3279 οἴνοις
386 3200 468 3290 ἀρχῇ
492 3201 563 3266 cod.-
583 3201 639 3265 Al.
680 3202 712 3264 ln
736 3200 1003 3293 sequentihus-Ar.
1030 3203 1199 3287 neutiquam
1224 3201 1277 3265 do-

265 3331 326 3394 cet,
357 3320 499 3382 unitatem
529 3303 707 3404 principium
732 3318 846 3381 numeri
871 3338 947 3393 esse,
979 3317 1031 3382 sed
1053 3339 1087 3382 eo
1109 3317 1218 3395 tendit,
1244 3331 1277 3382 ut

265 3436 420 3510 unitatem,
452 3438 575 3520 primam
607 3438 737 3499 omnium
768 3453 864 3496 rerum
892 3436 1076 3522 cognitarum
1100 3455 1274 3508 mensuram,

264 3546 359 3634 (ἀρχὴ
380 3544 439 3612 ούν
454 3555 510 3613 τοῦ
529 3551 673 3629 γνωστοῦ
688 3553 761 3634 περὶ
778 3545 965 3631 ἕκαστον)
985 3539 1162 3636 principium
1181 3548 1276 3634 quod·

265 3664 332 3729 dam
356 3687 418 3730 esse
442 3665 559 3753 probet.
610 3667 667 3749 Qui
691 3670 900 3732 sententiarum
925 3643 1020 3730 nexus¹
1047 3641 1275 3728 luculentissime

265 3796 387 3868 apparet
406 3805 444 3848 ex
459 3785 597 3870 proxima
614 3786 820 3850 enunciatione
837 3804 953 3849 causam
971 3785 1012 3847 rei
1029 3783 1200 3868 propositae
1216 3792 1275 3843 tra-

265 3896 344 3962 denti
367 3894 402 3961 cd
425 3894 488 3985 γὰρ
505 3898 633 3985 πρῶτον
646 3903 764 3988 μέτρον
780 3898 915 3988 (primam
932 3902 1008 3964 enim
1027 3916 1192 3961 mensuram
1209 3898 1275 3960 uui·

1452 1509 1453 1526 l

1359 1755 1365 1770 N

1452 2315 1453 2332 l
