2910 4778
681 340 840 442 jd*

252 545 323 606 usus
348 536 407 589 est:
433 521 469 588 cl.
487 521 539 586 Ar.
560 524 655 608 ipsum
679 525 718 585 N.
738 543 762 585 c.
777 519 817 585 Vl
842 517 942 587 1080b
960 518 1002 587 18
1025 515 1084 588 τὸν
1100 517 1164 610 γάρ
1188 523 1268 592 ὅλον

251 634 394 725 οὐρανὸν
422 635 710 712 κατασκευάζουσιν
737 635 772 716 ἐξ
796 629 960 720 άριθμιόν,
991 633 1077 724 πλὴν
1099 632 1140 703 οὕ
1162 661 1267 724 μονα.

252 756 359 832 δικῶν,
375 749 461 819 ἄλλά
478 748 536 828 τάς
551 751 699 836 μονάδας
714 748 1001 836 ὑπολαμβάνουσιν
1017 749 1103 834 ἔχειν
1114 757 1266 838 μέγεθος.

250 874 293 938 llli
309 889 391 948 uero,
415 893 452 936 ne
474 891 613 934 numeros
638 871 791 934 notionum
815 881 936 934 nattaras
961 867 1133 937 definientes
1157 895 1191 939 ac
1212 895 1267 940 uu·

252 1010 348 1054 meros
371 991 401 1052 in
425 985 526 1050 mundi
549 985 722 1072 regionibus
746 984 908 1071 dispositus
932 985 1136 1072 sejungerent,
1167 991 1266 1056 notio·

251 1127 316 1170 nem
341 1124 488 1192 quamque
513 1102 631 1167 coelesti
655 1103 762 1188 cuique
785 1122 909 1166 numero
927 1099 1095 1167 affixerunt.
1132 1101 1182 1168 Sic
1200 1107 1266 1192 opi·

251 1223 368 1286 aionem
392 1216 540 1300 (δόξαν),
570 1239 585 1281 e
616 1215 758 1302 dualitate
780 1216 958 1305 prolectam,
989 1219 1018 1280 in
1041 1218 1139 1284 locum
1164 1233 1265 1286 centro

251 1340 437 1424 proximum,
474 1337 585 1422 quippe
614 1333 748 1398 coelestis
778 1332 928 1398 dualitatis
961 1337 1133 1422 proprium,
1170 1348 1265 1402 trans·

252 1453 418 1528 duxerunt,
452 1451 539 1513 alium
570 1471 723 1514 numerum
754 1448 876 1514 idealetn
906 1450 963 1514 alio
995 1452 1026 1514 in
1056 1451 1123 1516 loen
1146 1452 1261 1516 coelesti

253 1568 481 1632 collocaverunt.
507 1565 543 1630 cl.
562 1564 647 1630 Alex.
671 1577 700 1628 et
722 1562 788 1628 cod.
806 1564 894 1629 Laur.
917 1588 942 1630 a.
955 1565 986 1630 h.
1000 1565 1019 1631 l.
1049 1565 1121 1632 Hinc
1139 1577 1260 1652 apparet

250 1685 447 1772 Pythagoreis
476 1681 514 1746 ad
545 1693 708 1746 commenta
734 1703 787 1745 sua
814 1679 997 1748 defendenda
1021 1703 1081 1748 non
1103 1681 1261 1757 suffecisse,

251 1812 286 1864 ut
313 1803 450 1864 notiones
473 1802 587 1862 numeri
610 1810 745 1862 naturam
768 1796 900 1864 induisse
925 1798 1070 1876 dicerent,
1103 1798 1154 1864 sed
1178 1801 1265 1863 etiam

253 1915 420 1992 addendum
444 1914 510 1979 illis'
524 1913 624 1990 luisse,
649 1913 750 1978 mundi
773 1916 868 2001 ipsius
893 1937 961 1981 oras
985 1938 1022 1981 ex
1044 1919 1173 1980 numeris
1195 1935 1265 1980 con·
1306 1951 1310 1957 ·

142 2103 144 2108 ,
252 2045 338 2098 stare.
386 2031 450 2096 Hoc
474 2034 497 2095 si
521 2031 715 2118 probaveris,
745 2031 914 2096 Bonitaium
937 2030 1108 2118 particulam
1130 2031 1191 2112 μὲν
1213 2027 1265 2094 de·

173 2193 175 2205 .
250 2149 355 2214 lentem
386 2161 415 2213 et
443 2149 609 2232 συμβαίνει
639 2149 668 2211 ἰο
700 2150 857 2240 συμβαίνῃ
886 2159 1044 2212 mutantem
1074 2166 1174 2210 errore
1204 2144 1264 2210 lehi

251 2263 375 2328 videbis.
411 2264 515 2352 Neque
538 2266 735 2330 necessarium
759 2277 812 2342 cst,
838 2277 871 2328 ut
893 2264 951 2327 hoc
974 2284 1094 2350 quoque
1113 2262 1181 2326 loco
1198 2283 1265 2326 ver-

251 2381 323 2446 bum
355 2381 583 2465 »συμβαίνειν«
610 2379 646 2444 de
670 2381 858 2447 conclusione
882 2402 943 2446 rem
967 2378 1004 2443 ad
1028 2377 1192 2444 absurdum
1216 2377 1266 2444 de·

252 2497 371 2562 ducenti
394 2509 570 2584 usurpatum
594 2499 647 2576 sit3
671 2499 760 2562 immo
783 2520 855 2562 vero
880 2500 991 2584 optimc
1014 2497 1072 2560 hoc
1094 2496 1186 2570 verbo
1209 2494 1261 2562 Ar.

252 2638 287 2680 eo
311 2615 435 2679 consilio
459 2636 532 2677 usus
548 2626 600 2690 est,
625 2627 659 2679 ut
674 2613 798 2700 simplici
817 2614 933 2676 notioni
957 2610 1150 2676 »accidenti«
1173 2613 1265 2700 signi·

251 2732 416 2795 ficationem
427 2751 588 2814 concursus
603 2730 726 2796 duarum
742 2750 838 2794 rerum
851 2727 1025 2816 adjungeret
1038 2724 1264 2813 (συμβαίνει).

252 2844 312 2911 Sed
337 2868 480 2934 quaenam
504 2849 647 2913 sententia
671 2871 709 2912 cx
732 2847 778 2912 his
803 2845 903 2911 verbis
927 2845 992 2910 elici
1014 2845 1135 2932 potest?
1164 2845 1266 2934 Atque

252 2965 378 3049 primum
402 2957 442 3026 ccl
467 2962 680 3048 συνιστάμενα
701 2966 826 3046 μεγέθη
850 2965 1022 3048 neutiquam
1039 2961 1075 3026 de
1091 2960 1264 3028 notionibus

253 3077 342 3143 modo
366 3082 533 3144 memoratis
557 3081 679 3165 intelligi
695 3099 784 3164 posse
803 3077 905 3164 liquet,
930 3098 1026 3163 neque
1042 3079 1137 3142 minus
1153 3091 1265 3144 certum

251 3195 396 3282 particula
427 3193 529 3278 »idq«
560 3207 611 3258 aut
640 3193 861 3280 praecedentem
891 3191 1091 3258 conditionem
1120 3207 1173 3260 aut
1195 3217 1264 3282 prc-

251 3331 384 3398 grcssum
408 3311 569 3376 sententiae
596 3309 730 3376 indicari.
777 3310 841 3380 Hoc
865 3311 1014 3395 posterius
1038 3322 1152 3376 veteres
1176 3315 1266 3379 inter·

250 3439 349 3514 poetes
372 3415 542 3493 Alexander
565 3427 720 3514 Asclepius
750 3427 901 3512 glossator
930 3427 996 3492 cod.
1021 3426 1109 3492 Laur.
1137 3428 1264 3516 amplexi

251 3544 292 3610 ita
311 3543 402 3608 verba
424 3546 608 3627 interpretati
633 3556 716 3621 sunt,
741 3555 789 3619 ut,
815 3564 875 3631 quo
900 3545 991 3632 magis
1014 3545 1096 3630 regio
1122 3564 1138 3607 a
1162 3557 1282 3610 centro·

252 3656 384 3733 distaret,
410 3679 444 3723 eo
469 3661 561 3746 magis
585 3651 739 3725 numerum
764 3660 917 3725 coelestem
942 3681 1099 3746 augescere
1123 3659 1263 3727 dicerent.

250 3773 294 3838 Aa
321 3775 398 3840 hanc
425 3778 597 3840 sententiam
621 3775 667 3840 his
691 3775 808 3863 quidem
832 3774 931 3842 vorbis
954 3777 1050 3841 inesse
1073 3798 1167 3866 nego,
1197 3798 1263 3842 nam

253 3909 314 3954 non
343 3890 431 3957 modo
456 3891 526 3969 An,
559 3890 629 3957 dum
659 3896 796 3960 notiones
820 3892 998 3958 coelestibus
1021 3893 1194 3982 regionibus
1218 3915 1264 3959 as-

1433 2080 1443 2322 p
