2948 4768
697 363 857 462 „pes—

270 545 380 624 fprma,
404 565 480 632 quae
502 547 604 630 priora
626 547 725 630 cupita
747 541 815 608 libri
831 547 874 606 A.
889 557 919 610 et
933 547 1067 632 inprimis
1083 567 1148 636 cap.
1163 549 1188 616 ll
1203 563 1234 616 et
1247 552 1284 618 lll

230 672 233 676 '
271 660 430 738 delnrmat,
455 661 629 747 explicatur.
668 660 743 726 Nam
767 681 834 724 enm
850 659 1006 726 Bonitaius
1029 676 1059 728 et
1073 663 1283 752 Sebweglerus

270 780 327 866 ipsi
357 781 486 864 priorem
509 800 544 844 ae
566 781 762 879 posteriorem
784 789 898 864 partem
922 778 992 844 libri
1006 785 1049 844 A.
1072 794 1153 847 arete
1176 785 1284 850 cobae-

269 917 334 960 rere
355 894 528 971 concedant,
551 917 613 960 non
636 898 708 960 satis
732 909 793 972 est,
818 908 853 960 ut
875 893 999 961 sormam
1024 896 1162 962 dictionis
1186 898 1284 966 diver·

269 1013 413 1077 sissimam
437 1034 500 1076 esse
523 1011 664 1089 dieamus,
689 1012 742 1078 sed
765 1035 855 1078 eausa
878 1012 968 1097 hujus
989 1016 1031 1096 rei
1052 1014 1212 1100 aperienda
1229 1029 1282 1083 est.

271 1127 386 1210 Quodsi
400 1128 454 1194 Ar.
477 1127 683 1206 fundamenta,
707 1132 737 1194 in
761 1129 870 1217 quibus
893 1151 948 1194 sua
971 1128 1108 1196 doctrina
1131 1145 1284 1198 exstrueta

198 1240 210 1274 ·’
242 1243 341 1344 ⁸luit,
372 1247 402 1308 iu
424 1245 480 1310 bae
502 1247 602 1331 priore
625 1259 710 1332 parte
732 1245 798 1310 libri
815 1250 859 1310 A.
876 1246 1004 1330 jecerat,
1034 1247 1107 1312 haee
1129 1261 1227 1314 tamen
1250 1261 1285 1314 ut

270 1373 463 1449 exaggeraret
492 1373 521 1426 et
549 1362 685 1427 dilataret
712 1375 817 1448 postea
840 1374 960 1427 coaetus
983 1362 1054 1440 suit,
1085 1363 1158 1451 quid
1181 1367 1284 1430 verisi-

269 1479 381 1555 milius,
419 1500 506 1564 quam
534 1477 668 1543 ordinem
698 1478 788 1563 hujus
816 1481 908 1564 partis
945 1480 1009 1544 aliis
1034 1484 1189 1558 eomeetis,
1220 1482 1283 1546 aliis
1347 1465 1350 1472 ’

270 1594 392 1680 adjectis
416 1594 567 1660 turbatum
590 1607 679 1682 atque
701 1594 875 1681 perplexum
896 1594 1043 1661 redditum
1066 1597 1152 1662 esse?
1182 1597 1283 1664 Ooulis

270 1714 440 1810 eonspieere
463 1713 534 1776 mibi
557 1710 662 1776 videor
675 1712 729 1776 Ar.
752 1711 808 1776 alia
831 1714 861 1774 in
885 1711 931 1776 bis
955 1713 1103 1799 capitibus
1127 1714 1283 1780 emendan-

270 1842 342 1904 lem,
378 1828 446 1892 alia·
463 1831 493 1891 in
522 1831 653 1914 margine
682 1828 853 1906 addentem,
889 1830 946 1894 alia
974 1832 1183 1904 invenientem,
1213 1830 1282 1896 dum

269 1945 343 2008 haee
364 1943 556 2010 fundamenta
580 1931 658 2011 nova
681 1967 715 2009 ae
738 1946 824 2032 plena
844 1949 1031 2012 institutione
1047 1968 1196 2033 exponere
1212 1969 1283 2012 oon·

269 2061 365 2163 silium
389 2064 509 2147 ceperit.
537 2061 619 2126 Neve
642 2065 708 2148 quis
731 2084 777 2126 rue
795 2061 917 2149 putidae
932 2063 1135 2127 hariolationis
1151 2067 1281 2128 ineusete

270 2167 450 2264 argumentis
473 2181 554 2243 nitor
568 2181 597 2242 in
614 2192 698 2266 parte
714 2182 815 2244 critica
831 2178 956 2245 traditis.
992 2177 1062 2256 Sed,
1085 2191 1120 2242 ut
1134 2177 1172 2242 ad
1186 2178 1281 2243 libros

269 2295 335 2359 illo's
348 2297 431 2357 Z.H.
442 2296 514 2359 Θ.Ι.
530 2295 693 2372 redeamus,
710 2319 765 2382 per
780 2319 811 2361 se
827 2309 910 2385 patet
924 2296 1123 2372 fundamenta,
1141 2317 1156 2360 e
1173 2295 1282 2383 quibus

270 2411 403 2477 doctrina
433 2434 576 2499 suspensa
606 2416 659 2490 sit,
694 2413 845 2500 doetrinae
876 2416 933 2501 ipsi
963 2412 1178 2500 praemittenda
1195 2435 1280 2508 lesse.

270 2528 455 2617 Quamquam
477 2533 569 2616 igitur
592 2530 622 2594 hi
645 2530 713 2596 libri
736 2543 807 2617 post
828 2530 921 2596 libros
943 2535 1100 2595 MNA.
1123 2531 1282 2616 oonsoripti

269 2657 353 2721 sunt,
378 2646 424 2710 his
448 2659 544 2710 tamen
567 2647 690 2734 praefigi
715 2647 830 2712 debent.
866 2645 928 2712 Sed
951 2648 1005 2710 bae
1025 2650 1054 2710 in
1070 2669 1102 2712 re
1118 2647 1156 2713 ab
1172 2650 1281 2712 ineerta

212 2841 215 2850 .
269 2759 445 2846 conjiciendi
469 2764 516 2826 via
545 2762 584 2826 ad
613 2762 699 2828 fidem
724 2764 777 2828 Ar.
803 2767 896 2850 ipsius
928 2763 1110 2828 dedueimur.
1155 2763 1183 2827 ls
1206 2746 1294 2827 eninr¹

270 2880 446 2964 compluries
475 2879 622 2967 signifieat
649 2892 808 2946 tractatum
837 2880 883 2945 his
912 2880 995 2946 libris
1029 2881 1174 2944 inelusurn
1204 2882 1281 2944 viam

157 2993 164 3004 “
269 2995 434 3084 patefacere
458 2995 495 3059 ad
519 2996 749 3088 disputationem
773 2997 934 3085 deprimis
959 3008 987 3060 et
1003 3001 1128 3064 aeternis
1144 2997 1283 3062 substan·

269 3115 332 3190 tiis,
363 3115 405 3178 sie
424 3118 460 3176 Ζ.
482 3137 506 3178 ο.
528 3113 566 3192 ll;
602 3112 759 3178 10281127
790 3117 863 3198 περὶ
892 3108 932 3197 δὴ
962 3112 1083 3178 τούτων
1105 3117 1135 3176 τί
1157 3113 1283 3193 λέγεται

268 3227 373 3304 καλῶς
405 3232 425 3314 ἢ
452 3224 495 3313 μὴ
526 3228 645 3305 καλῶς,
681 3234 736 3294 καὶ
763 3231 845 3301 τίνες
873 3229 952 3296 εἰσὶν
980 3226 1102 3306 οὐσίαι,
1136 3233 1191 3306 καὶ
1220 3229 1283 3294 πό·

269 3367 361 3430 τερον
388 3345 449 3409 elul
474 3367 556 3420 τινες
584 3341 674 3430 παρὰ
703 3340 762 3420 τάξ
790 3341 952 3430 αἰσθητὰς
978 3343 1000 3432 ἢ
1028 3341 1086 3411 οἷοι
1117 3347 1191 3422 elul,
1220 3347 1283 3410 'ml

268 3458 365 3527 αὗται
387 3463 454 3536 πῶς
477 3463 551 3538 elul,
575 3466 628 3526 nui
651 3462 788 3543 πότερον
803 3456 869 3524 ἔστι
889 3485 936 3540 τις
951 3460 1087 3548 χωριστὴ
1102 3460 1204 3540 οὐσία,
1228 3465 1283 3526 καὶ
1351 3548 1357 3560 „

270 3575 324 3644 ded
349 3569 379 3641 nl
392 3583 446 3641 καὶ
462 3579 538 3653 πῶς,
562 3575 584 3663 ἢ
598 3575 733 3660 οὐδεμία
748 3573 839 3664 παρὰ
852 3574 910 3653 τὰς
926 3575 1095 3665 αἰσθητὰς,
1120 3581 1281 3655 σκεπτέον,
1321 3597 1347 3673 ··

228 3685 231 3694 ¹
269 3691 575 3780 ὑποτυπωσαμένοις
590 3689 649 3779 τὴν
664 3689 777 3759 οὐσίαν
792 3695 920 3780 πρῶτον
933 3699 964 3758 al
979 3695 1054 3760 dure.
1081 3697 1173 3761 Notos
1191 3695 1282 3784 verba

268 3807 408 3897 πότερον
430 3811 495 3878 ἔστι
518 3833 622 3884 τις-
639 3809 706 3886 πῶς
729 3834 790 3878 non
811 3813 900 3880 modo
925 3813 963 3878 ad
985 3813 1078 3878 libros
1097 3816 1201 3888 MN,
1229 3811 1282 3878 sed

270 3929 355 3992 etiam
386 3929 424 3994 ad
453 3928 669 4012 expositionem
700 3951 770 3996 suae
795 3932 890 4015 ipsius
913 3929 1065 3996 doetrinae
1086 3931 1117 3992 iu
1139 3927 1217 3994 libro
1238 3930 1308 3994 A.-
