<?xml version="1.0" encoding="UTF-8"?>
<!DOCTYPE html PUBLIC "-//W3C//DTD XHTML 1.0 Transitional//EN"
    "http://www.w3.org/TR/xhtml1/DTD/xhtml1-transitional.dtd">
<html xmlns="http://www.w3.org/1999/xhtml" xml:lang="en" lang="en">
 <head>
  <title>
</title>
<meta http-equiv="Content-Type" content="text/html;charset=utf-8" />
  <meta name='ocr-system' content='tesseract 3.04.00' />
  <meta name='ocr-capabilities' content='ocr_page ocr_carea ocr_par ocr_line ocrx_word'/>
</head>
<body>
  <div class='ocr_page' id='page_1' title='image "./studiainaristot00chrigoog_0125.png"; bbox 0 0 2962 4770; ppageno 0'>
   <div class='ocr_carea' id='block_1_1' title="bbox 705 375 867 473">
    <p class='ocr_par' dir='ltr' id='par_1_1' title="bbox 705 375 867 473">
     <span class='ocr_line' id='line_1_1' title="bbox 705 375 867 473; baseline 0 -33"><span class='ocrx_word' id='word_1_1' title='bbox 705 375 867 473; x_wconf 43' lang='lat' dir='ltr'><strong>jaa-</strong></span> 
     </span>
    </p>
   </div>
   <div class='ocr_carea' id='block_1_2' title="bbox 283 552 1302 1329">
    <p class='ocr_par' dir='ltr' id='par_1_2' title="bbox 283 552 1302 1329">
     <span class='ocr_line' id='line_1_2' title="bbox 285 552 1299 642; baseline -0.003 -23"><span class='ocrx_word' id='word_1_2' title='bbox 285 575 356 642; x_wconf 84' lang='lat' dir='ltr'><strong>que,</strong></span> <span class='ocrx_word' id='word_1_3' title='bbox 381 555 457 620; x_wconf 87' lang='lat' dir='ltr'><strong>idern</strong></span> <span class='ocrx_word' id='word_1_4' title='bbox 481 573 557 641; x_wconf 91' lang='lat' dir='ltr'><strong>opus</strong></span> <span class='ocrx_word' id='word_1_5' title='bbox 581 553 638 618; x_wconf 87' lang='lat' dir='ltr'><strong>suh</strong></span> <span class='ocrx_word' id='word_1_6' title='bbox 653 552 778 618; x_wconf 87' lang='lat' dir='ltr'><strong>diversis</strong></span> <span class='ocrx_word' id='word_1_7' title='bbox 795 555 888 619; x_wconf 86' lang='lat' dir='ltr'><strong>titulis</strong></span> <span class='ocrx_word' id='word_1_8' title='bbox 904 555 995 618; x_wconf 91' lang='lat' dir='ltr'><strong>latum</strong></span> <span class='ocrx_word' id='word_1_9' title='bbox 1012 575 1076 619; x_wconf 89' lang='lat' dir='ltr'><strong>esse</strong></span> <span class='ocrx_word' id='word_1_10' title='bbox 1090 555 1299 628; x_wconf 73' lang='lat' dir='ltr'>statuentium,</span> 
     </span>
     <span class='ocr_line' id='line_1_3' title="bbox 283 667 1302 755; baseline -0.004 -21"><span class='ocrx_word' id='word_1_11' title='bbox 283 671 355 734; x_wconf 88' lang='lat' dir='ltr'><strong>mihi</strong></span> <span class='ocrx_word' id='word_1_12' title='bbox 379 671 458 733; x_wconf 88' lang='lat' dir='ltr'><strong>omni</strong></span> <span class='ocrx_word' id='word_1_13' title='bbox 482 691 520 732; x_wconf 82' lang='lat' dir='ltr'><strong>ex</strong></span> <span class='ocrx_word' id='word_1_14' title='bbox 542 681 625 754; x_wconf 89' lang='lat' dir='ltr'><strong>parte</strong></span> <span class='ocrx_word' id='word_1_15' title='bbox 649 669 850 754; x_wconf 81' lang='lat' dir='ltr'><strong>probabatur3</strong></span> <span class='ocrx_word' id='word_1_16' title='bbox 879 683 1102 755; x_wconf 88' lang='lat' dir='ltr'><strong>peropportune</strong></span> <span class='ocrx_word' id='word_1_17' title='bbox 1124 689 1196 732; x_wconf 90' lang='lat' dir='ltr'><strong>vero</strong></span> <span class='ocrx_word' id='word_1_18' title='bbox 1218 667 1302 732; x_wconf 88' lang='lat' dir='ltr'><strong>idern</strong></span> 
     </span>
     <span class='ocr_line' id='line_1_4' title="bbox 283 781 1302 871; baseline -0.004 -21"><span class='ocrx_word' id='word_1_19' title='bbox 283 781 486 866; x_wconf 81' lang='lat' dir='ltr'><strong>Braudisius&#39;)</strong></span> <span class='ocrx_word' id='word_1_20' title='bbox 510 795 679 861; x_wconf 77' lang='lat' dir='ltr'><strong>monuerat,</strong></span> <span class='ocrx_word' id='word_1_21' title='bbox 703 784 831 870; x_wconf 91' lang='lat' dir='ltr'><strong>reliqua,</strong></span> <span class='ocrx_word' id='word_1_22' title='bbox 857 805 931 871; x_wconf 87' lang='lat' dir='ltr'><strong>quae</strong></span> <span class='ocrx_word' id='word_1_23' title='bbox 952 783 1013 848; x_wconf 86' lang='lat' dir='ltr'><strong>Cle.</strong></span> <span class='ocrx_word' id='word_1_24' title='bbox 1039 787 1069 846; x_wconf 90' lang='lat' dir='ltr'><strong>in</strong></span> <span class='ocrx_word' id='word_1_25' title='bbox 1093 781 1195 848; x_wconf 90' lang='lat' dir='ltr'><strong>eodem</strong></span> <span class='ocrx_word' id='word_1_26' title='bbox 1218 781 1302 846; x_wconf 90' lang='lat' dir='ltr'><strong>libro</strong></span> 
     </span>
     <span class='ocr_line' id='line_1_5' title="bbox 289 895 1301 985; baseline 0.001 -26"><span class='ocrx_word' id='word_1_27' title='bbox 289 899 349 964; x_wconf 66' lang='lat' dir='ltr'><strong>ade</strong></span> <span class='ocrx_word' id='word_1_28' title='bbox 378 911 438 963; x_wconf 89' lang='lat' dir='ltr'><strong>nat.</strong></span> <span class='ocrx_word' id='word_1_29' title='bbox 463 897 567 962; x_wconf 76' lang='lat' dir='ltr'><strong>deon«</strong></span> <span class='ocrx_word' id='word_1_30' title='bbox 598 897 634 962; x_wconf 89' lang='lat' dir='ltr'><strong>de</strong></span> <span class='ocrx_word' id='word_1_31' title='bbox 657 899 709 962; x_wconf 87' lang='lat' dir='ltr'><strong>Ar.</strong></span> <span class='ocrx_word' id='word_1_32' title='bbox 740 899 893 985; x_wconf 77' lang='lat' dir='ltr'><strong>theologia</strong></span> <span class='ocrx_word' id='word_1_33' title='bbox 923 896 1094 974; x_wconf 80' lang='lat' dir='ltr'><strong>tradiderit,</strong></span> <span class='ocrx_word' id='word_1_34' title='bbox 1125 919 1164 960; x_wconf 88' lang='lat' dir='ltr'><strong>ex</strong></span> <span class='ocrx_word' id='word_1_35' title='bbox 1192 895 1301 961; x_wconf 90' lang='lat' dir='ltr'><strong>eodem</strong></span> 
     </span>
     <span class='ocr_line' id='line_1_6' title="bbox 284 1011 1300 1100; baseline -0.004 -22"><span class='ocrx_word' id='word_1_36' title='bbox 284 1013 366 1078; x_wconf 87' lang='lat' dir='ltr'><strong>lonte</strong></span> <span class='ocrx_word' id='word_1_37' title='bbox 396 1013 556 1076; x_wconf 88' lang='lat' dir='ltr'><strong>derivanda</strong></span> <span class='ocrx_word' id='word_1_38' title='bbox 584 1035 658 1080; x_wconf 86' lang='lat' dir='ltr'><strong>esse.</strong></span> <span class='ocrx_word' id='word_1_39' title='bbox 707 1011 768 1077; x_wconf 91' lang='lat' dir='ltr'><strong>Sed</strong></span> <span class='ocrx_word' id='word_1_40' title='bbox 790 1013 880 1098; x_wconf 89' lang='lat' dir='ltr'><strong>hujus</strong></span> <span class='ocrx_word' id='word_1_41' title='bbox 904 1033 1024 1100; x_wconf 87' lang='lat' dir='ltr'><strong>quoque</strong></span> <span class='ocrx_word' id='word_1_42' title='bbox 1048 1014 1215 1099; x_wconf 83' lang='lat' dir='ltr'><strong>argumenti</strong></span> <span class='ocrx_word' id='word_1_43' title='bbox 1236 1015 1300 1075; x_wconf 86' lang='lat' dir='ltr'><strong>vim</strong></span> 
     </span>
     <span class='ocr_line' id='line_1_7' title="bbox 284 1127 1298 1224; baseline -0.003 -32"><span class='ocrx_word' id='word_1_44' title='bbox 284 1127 464 1193; x_wconf 87' lang='lat' dir='ltr'><strong>iulraetnrus</strong></span> <span class='ocrx_word' id='word_1_45' title='bbox 487 1127 544 1205; x_wconf 84' lang='lat' dir='ltr'><strong>lui,</strong></span> <span class='ocrx_word' id='word_1_46' title='bbox 568 1131 646 1215; x_wconf 19' lang='lat' dir='ltr'><strong>‘quia</strong></span> <span class='ocrx_word' id='word_1_47' title='bbox 669 1149 814 1214; x_wconf 88' lang='lat' dir='ltr'><strong>nusquam</strong></span> <span class='ocrx_word' id='word_1_48' title='bbox 839 1141 955 1214; x_wconf 88' lang='lat' dir='ltr'><strong>praeter</strong></span> <span class='ocrx_word' id='word_1_49' title='bbox 977 1127 1058 1193; x_wconf 90' lang='lat' dir='ltr'><strong>illum</strong></span> <span class='ocrx_word' id='word_1_50' title='bbox 1081 1149 1174 1224; x_wconf 87' lang='lat' dir='ltr'><strong>unum</strong></span> <span class='ocrx_word' id='word_1_51' title='bbox 1199 1127 1298 1190; x_wconf 89' lang='lat' dir='ltr'><strong>loeum</strong></span> 
     </span>
     <span class='ocr_line' id='line_1_8' title="bbox 284 1241 1297 1329; baseline -0.002 -23"><span class='ocrx_word' id='word_1_52' title='bbox 284 1247 311 1306; x_wconf 85' lang='lat'><strong>1.</strong></span> <span class='ocrx_word' id='word_1_53' title='bbox 335 1265 359 1307; x_wconf 88' lang='lat' dir='ltr'><strong>e.</strong></span> <span class='ocrx_word' id='word_1_54' title='bbox 380 1242 419 1308; x_wconf 85' lang='lat'><strong>13</strong></span> <span class='ocrx_word' id='word_1_55' title='bbox 444 1241 504 1308; x_wconf 79' lang='lat' dir='ltr'><strong>cte.</strong></span> <span class='ocrx_word' id='word_1_56' title='bbox 529 1242 622 1307; x_wconf 91' lang='lat' dir='ltr'><strong>libros</strong></span> <span class='ocrx_word' id='word_1_57' title='bbox 652 1243 686 1307; x_wconf 90' lang='lat' dir='ltr'><strong>de</strong></span> <span class='ocrx_word' id='word_1_58' title='bbox 710 1241 900 1329; x_wconf 83' lang='lat' dir='ltr'><strong>philosophia</strong></span> <span class='ocrx_word' id='word_1_59' title='bbox 923 1245 1095 1308; x_wconf 87' lang='lat' dir='ltr'><strong>nominatim</strong></span> <span class='ocrx_word' id='word_1_60' title='bbox 1119 1241 1297 1306; x_wconf 72' lang='lat' dir='ltr'><strong>laudaverit.</strong></span> 
     </span>
    </p>
   </div>
   <div class='ocr_carea' id='block_1_3' title="bbox 177 1355 1300 1443">
    <p class='ocr_par' dir='ltr' id='par_1_3' title="bbox 177 1355 1300 1443">
     <span class='ocr_line' id='line_1_9' title="bbox 177 1355 1300 1443; baseline -0.004 -19"><span class='ocrx_word' id='word_1_61' title='bbox 177 1413 184 1424; x_wconf 75' lang='grc'>,</span> <span class='ocrx_word' id='word_1_62' title='bbox 286 1357 352 1442; x_wconf 80' lang='lat' dir='ltr'><strong>Quo</strong></span> <span class='ocrx_word' id='word_1_63' title='bbox 383 1358 483 1421; x_wconf 88' lang='lat' dir='ltr'><strong>studio</strong></span> <span class='ocrx_word' id='word_1_64' title='bbox 513 1359 588 1422; x_wconf 91' lang='lat' dir='ltr'><strong>euim</strong></span> <span class='ocrx_word' id='word_1_65' title='bbox 618 1371 703 1443; x_wconf 88' lang='lat' dir='ltr'><strong>pater</strong></span> <span class='ocrx_word' id='word_1_66' title='bbox 730 1355 839 1421; x_wconf 90' lang='lat' dir='ltr'><strong>liberos</strong></span> <span class='ocrx_word' id='word_1_67' title='bbox 866 1371 983 1435; x_wconf 90' lang='lat' dir='ltr'><strong>tuetur,</strong></span> <span class='ocrx_word' id='word_1_68' title='bbox 1014 1359 1117 1422; x_wconf 88' lang='lat' dir='ltr'><strong>eodem</strong></span> <span class='ocrx_word' id='word_1_69' title='bbox 1141 1375 1197 1442; x_wconf 81' lang='lat' dir='ltr'><strong>ego</strong></span> <span class='ocrx_word' id='word_1_70' title='bbox 1222 1356 1300 1420; x_wconf 88' lang='lat' dir='ltr'><strong>haue</strong></span> 
     </span>
    </p>
   </div>
   <div class='ocr_carea' id='block_1_4' title="bbox 285 1470 1300 2131">
    <p class='ocr_par' dir='ltr' id='par_1_4' title="bbox 285 1470 1300 1673">
     <span class='ocr_line' id='line_1_10' title="bbox 285 1470 1300 1559; baseline 0 -24"><span class='ocrx_word' id='word_1_71' title='bbox 285 1475 459 1536; x_wconf 90' lang='lat' dir='ltr'><strong>sententiam</strong></span> <span class='ocrx_word' id='word_1_72' title='bbox 483 1470 608 1535; x_wconf 85' lang='lat' dir='ltr'><strong>delendi.</strong></span> <span class='ocrx_word' id='word_1_73' title='bbox 645 1471 811 1547; x_wconf 75' lang='lat' dir='ltr'><strong>Monoeci,</strong></span> <span class='ocrx_word' id='word_1_74' title='bbox 838 1493 925 1559; x_wconf 92' lang='lat' dir='ltr'><strong>quam</strong></span> <span class='ocrx_word' id='word_1_75' title='bbox 949 1474 1121 1558; x_wconf 75' lang='lat' dir='ltr'><strong>explorasse</strong></span> <span class='ocrx_word' id='word_1_76' title='bbox 1143 1483 1300 1557; x_wconf 88' lang='lat' dir='ltr'><strong>tantopere</strong></span> 
     </span>
     <span class='ocr_line' id='line_1_11' title="bbox 285 1584 975 1673; baseline 0 -25"><span class='ocrx_word' id='word_1_77' title='bbox 285 1589 406 1673; x_wconf 82' lang='lat' dir='ltr'><strong>gavisus</strong></span> <span class='ocrx_word' id='word_1_78' title='bbox 428 1584 549 1661; x_wconf 84' lang='lat' dir='ltr'><strong>fuerim,</strong></span> <span class='ocrx_word' id='word_1_79' title='bbox 574 1587 670 1670; x_wconf 91' lang='lat' dir='ltr'><strong>ipsum</strong></span> <span class='ocrx_word' id='word_1_80' title='bbox 694 1586 876 1671; x_wconf 85' lang='lat' dir='ltr'><strong>proditorem</strong></span> <span class='ocrx_word' id='word_1_81' title='bbox 899 1587 975 1649; x_wconf 87' lang='lat' dir='ltr'><strong>esse!</strong></span> 
     </span>
    </p>

    <p class='ocr_par' dir='ltr' id='par_1_5' title="bbox 286 1699 1298 2131">
     <span class='ocr_line' id='line_1_12' title="bbox 352 1699 1298 1787; baseline -0.001 -22"><span class='ocrx_word' id='word_1_82' title='bbox 352 1699 465 1765; x_wconf 85' lang='lat' dir='ltr'><strong>Sedato</strong></span> <span class='ocrx_word' id='word_1_83' title='bbox 489 1699 606 1764; x_wconf 90' lang='lat' dir='ltr'><strong>demum</strong></span> <span class='ocrx_word' id='word_1_84' title='bbox 630 1703 727 1764; x_wconf 90' lang='lat' dir='ltr'><strong>auimo</strong></span> <span class='ocrx_word' id='word_1_85' title='bbox 744 1723 846 1765; x_wconf 90' lang='lat' dir='ltr'><strong>verum</strong></span> <span class='ocrx_word' id='word_1_86' title='bbox 871 1700 948 1765; x_wconf 86' lang='lat' dir='ltr'><strong>dulei</strong></span> <span class='ocrx_word' id='word_1_87' title='bbox 967 1701 1095 1787; x_wconf 87' lang='lat' dir='ltr'><strong>praetuli</strong></span> <span class='ocrx_word' id='word_1_88' title='bbox 1113 1713 1142 1766; x_wconf 91' lang='lat' dir='ltr'><strong>et</strong></span> <span class='ocrx_word' id='word_1_89' title='bbox 1157 1703 1221 1765; x_wconf 87' lang='lat' dir='ltr'><strong>sine</strong></span> <span class='ocrx_word' id='word_1_90' title='bbox 1238 1701 1298 1764; x_wconf 91' lang='lat' dir='ltr'><strong>ullo</strong></span> 
     </span>
     <span class='ocr_line' id='line_1_13' title="bbox 286 1813 1297 1902; baseline 0 -24"><span class='ocrx_word' id='word_1_91' title='bbox 286 1814 387 1879; x_wconf 90' lang='lat' dir='ltr'><strong>studio</strong></span> <span class='ocrx_word' id='word_1_92' title='bbox 420 1837 481 1878; x_wconf 90' lang='lat' dir='ltr'><strong>rem</strong></span> <span class='ocrx_word' id='word_1_93' title='bbox 512 1813 610 1878; x_wconf 85' lang='lat' dir='ltr'><strong>dentre</strong></span> <span class='ocrx_word' id='word_1_94' title='bbox 643 1818 811 1881; x_wconf 81' lang='lat' dir='ltr'><strong>retraetari.</strong></span> <span class='ocrx_word' id='word_1_95' title='bbox 858 1817 958 1902; x_wconf 83' lang='lat' dir='ltr'><strong>Atque</strong></span> <span class='ocrx_word' id='word_1_96' title='bbox 987 1818 1114 1901; x_wconf 86' lang='lat' dir='ltr'><strong>primunt</strong></span> <span class='ocrx_word' id='word_1_97' title='bbox 1144 1813 1207 1881; x_wconf 78' lang='lat' dir='ltr'><strong>Cio.</strong></span> <span class='ocrx_word' id='word_1_98' title='bbox 1237 1829 1297 1880; x_wconf 87' lang='lat' dir='ltr'><strong>tam</strong></span> 
     </span>
     <span class='ocr_line' id='line_1_14' title="bbox 286 1927 1297 2013; baseline 0.004 -21"><span class='ocrx_word' id='word_1_99' title='bbox 286 1927 383 1994; x_wconf 90' lang='lat' dir='ltr'><strong>obiter</strong></span> <span class='ocrx_word' id='word_1_100' title='bbox 410 1927 572 2013; x_wconf 82' lang='lat' dir='ltr'><strong>signifieat,</strong></span> <span class='ocrx_word' id='word_1_101' title='bbox 603 1929 703 2012; x_wconf 88' lang='lat' dir='ltr'><strong>plures</strong></span> <span class='ocrx_word' id='word_1_102' title='bbox 733 1929 805 1994; x_wconf 92' lang='lat' dir='ltr'><strong>deos</strong></span> <span class='ocrx_word' id='word_1_103' title='bbox 828 1930 880 1995; x_wconf 84' lang='lat' dir='ltr'><strong>Ar.</strong></span> <span class='ocrx_word' id='word_1_104' title='bbox 911 1934 1065 2006; x_wconf 81' lang='lat' dir='ltr'><strong>statuisse,</strong></span> <span class='ocrx_word' id='word_1_105' title='bbox 1096 1944 1130 1995; x_wconf 92' lang='lat' dir='ltr'><strong>ut</strong></span> <span class='ocrx_word' id='word_1_106' title='bbox 1158 1930 1297 1996; x_wconf 85' lang='lat' dir='ltr'><strong>subtilem</strong></span> 
     </span>
     <span class='ocr_line' id='line_1_15' title="bbox 286 2041 1298 2131; baseline 0.003 -24"><span class='ocrx_word' id='word_1_107' title='bbox 286 2041 478 2131; x_wconf 81' lang='lat' dir='ltr'><strong>sphaerarum</strong></span> <span class='ocrx_word' id='word_1_108' title='bbox 510 2042 674 2107; x_wconf 81' lang='lat' dir='ltr'><strong>doctrinam</strong></span> <span class='ocrx_word' id='word_1_109' title='bbox 701 2047 732 2106; x_wconf 92' lang='lat' dir='ltr'><strong>iu</strong></span> <span class='ocrx_word' id='word_1_110' title='bbox 755 2045 804 2107; x_wconf 93' lang='lat' dir='ltr'><strong>illo</strong></span> <span class='ocrx_word' id='word_1_111' title='bbox 829 2044 905 2108; x_wconf 88' lang='lat' dir='ltr'><strong>libro</strong></span> <span class='ocrx_word' id='word_1_112' title='bbox 931 2049 1096 2131; x_wconf 86' lang='lat' dir='ltr'><strong>expositam</strong></span> <span class='ocrx_word' id='word_1_113' title='bbox 1120 2045 1212 2110; x_wconf 90' lang='lat' dir='ltr'><strong>luisse</strong></span> <span class='ocrx_word' id='word_1_114' title='bbox 1234 2047 1298 2112; x_wconf 88' lang='lat' dir='ltr'><strong>siue</strong></span> 
     </span>
    </p>
   </div>
   <div class='ocr_carea' id='block_1_5' title="bbox 160 2159 1297 2246">
    <p class='ocr_par' dir='ltr' id='par_1_6' title="bbox 160 2159 1297 2246">
     <span class='ocr_line' id='line_1_16' title="bbox 160 2159 1297 2246; baseline -0.004 -20"><span class='ocrx_word' id='word_1_115' title='bbox 160 2213 171 2226; x_wconf 77' lang='grc'>,</span> <span class='ocrx_word' id='word_1_116' title='bbox 285 2160 347 2224; x_wconf 93' lang='lat' dir='ltr'><strong>ullo</strong></span> <span class='ocrx_word' id='word_1_117' title='bbox 371 2172 452 2225; x_wconf 80' lang='lat' dir='ltr'><strong>terto</strong></span> <span class='ocrx_word' id='word_1_118' title='bbox 476 2171 651 2246; x_wconf 86' lang='lat' dir='ltr'><strong>argumento</strong></span> <span class='ocrx_word' id='word_1_119' title='bbox 675 2159 860 2243; x_wconf 78' lang='lat' dir='ltr'><strong>conjiciatur.</strong></span> <span class='ocrx_word' id='word_1_120' title='bbox 894 2159 1008 2224; x_wconf 87' lang='lat' dir='ltr'><strong>Deinde</strong></span> <span class='ocrx_word' id='word_1_121' title='bbox 1026 2181 1063 2224; x_wconf 88' lang='lat' dir='ltr'><strong>ue</strong></span> <span class='ocrx_word' id='word_1_122' title='bbox 1078 2159 1215 2246; x_wconf 75' lang='lat' dir='ltr'><strong>Epicurei</strong></span> <span class='ocrx_word' id='word_1_123' title='bbox 1230 2161 1297 2246; x_wconf 88' lang='lat' dir='ltr'><strong>qui·</strong></span> 
     </span>
    </p>
   </div>
   <div class='ocr_carea' id='block_1_6' title="bbox 242 2268 1381 3410">
    <p class='ocr_par' dir='ltr' id='par_1_7' title="bbox 242 2268 1381 3410">
     <span class='ocr_line' id='line_1_17' title="bbox 287 2268 1298 2361; baseline 0.002 -23"><span class='ocrx_word' id='word_1_124' title='bbox 287 2273 351 2338; x_wconf 92' lang='lat' dir='ltr'><strong>dem</strong></span> <span class='ocrx_word' id='word_1_125' title='bbox 376 2275 479 2338; x_wconf 89' lang='lat' dir='ltr'><strong>levitas</strong></span> <span class='ocrx_word' id='word_1_126' title='bbox 504 2268 541 2338; x_wconf 82' lang='lat' dir='ltr'><strong>ea&#39;r</strong></span> <span class='ocrx_word' id='word_1_127' title='bbox 563 2273 640 2337; x_wconf 88' lang='lat' dir='ltr'><strong>libro</strong></span> <span class='ocrx_word' id='word_1_128' title='bbox 657 2278 699 2337; x_wconf 79' lang='lat' dir='ltr'><strong>A.</strong></span> <span class='ocrx_word' id='word_1_129' title='bbox 723 2297 825 2339; x_wconf 89' lang='lat' dir='ltr'><strong>eruere</strong></span> <span class='ocrx_word' id='word_1_130' title='bbox 843 2279 956 2361; x_wconf 92' lang='lat' dir='ltr'><strong>potnit,</strong></span> <span class='ocrx_word' id='word_1_131' title='bbox 980 2275 1033 2339; x_wconf 90' lang='lat' dir='ltr'><strong>Ar.</strong></span> <span class='ocrx_word' id='word_1_132' title='bbox 1051 2275 1194 2340; x_wconf 93' lang='lat' dir='ltr'><strong>muudum</strong></span> <span class='ocrx_word' id='word_1_133' title='bbox 1210 2275 1298 2340; x_wconf 90' lang='lat' dir='ltr'><strong>deum</strong></span> 
     </span>
     <span class='ocr_line' id='line_1_18' title="bbox 287 2387 1298 2476; baseline 0 -22"><span class='ocrx_word' id='word_1_134' title='bbox 287 2411 350 2454; x_wconf 90' lang='lat' dir='ltr'><strong>esse</strong></span> <span class='ocrx_word' id='word_1_135' title='bbox 374 2387 519 2452; x_wconf 86' lang='lat' dir='ltr'><strong>docuisse.</strong></span> <span class='ocrx_word' id='word_1_136' title='bbox 566 2387 639 2452; x_wconf 86' lang='lat' dir='ltr'><strong>Nam</strong></span> <span class='ocrx_word' id='word_1_137' title='bbox 664 2409 730 2452; x_wconf 86' lang='lat' dir='ltr'><strong>oum</strong></span> <span class='ocrx_word' id='word_1_138' title='bbox 754 2387 816 2454; x_wconf 83' lang='lat' dir='ltr'><strong>Cio.</strong></span> <span class='ocrx_word' id='word_1_139' title='bbox 841 2391 1024 2476; x_wconf 88' lang='lat' dir='ltr'><strong>apertissime</strong></span> <span class='ocrx_word' id='word_1_140' title='bbox 1048 2392 1130 2456; x_wconf 88' lang='lat' dir='ltr'><strong>eoelo</strong></span> <span class='ocrx_word' id='word_1_141' title='bbox 1155 2391 1298 2454; x_wconf 90' lang='lat' dir='ltr'><strong>mundum</strong></span> 
     </span>
     <span class='ocr_line' id='line_1_19' title="bbox 286 2504 1296 2592; baseline 0 -23"><span class='ocrx_word' id='word_1_142' title='bbox 286 2506 478 2591; x_wconf 88' lang='lat' dir='ltr'><strong>opposuerit,</strong></span> <span class='ocrx_word' id='word_1_143' title='bbox 508 2525 568 2567; x_wconf 93' lang='lat' dir='ltr'><strong>uon</strong></span> <span class='ocrx_word' id='word_1_144' title='bbox 598 2525 664 2567; x_wconf 87' lang='lat' dir='ltr'><strong>eum</strong></span> <span class='ocrx_word' id='word_1_145' title='bbox 688 2504 825 2570; x_wconf 86' lang='lat' dir='ltr'><strong>Krisehio</strong></span> <span class='ocrx_word' id='word_1_146' title='bbox 855 2507 984 2572; x_wconf 84' lang='lat' dir='ltr'><strong>statuere</strong></span> <span class='ocrx_word' id='word_1_147' title='bbox 1007 2507 1089 2583; x_wconf 88' lang='lat' dir='ltr'><strong>lieet,</strong></span> <span class='ocrx_word' id='word_1_148' title='bbox 1118 2505 1296 2592; x_wconf 80' lang='lat' dir='ltr'><strong>Epieureurn</strong></span> 
     </span>
     <span class='ocr_line' id='line_1_20' title="bbox 288 2615 1295 2704; baseline 0.001 -19"><span class='ocrx_word' id='word_1_149' title='bbox 288 2643 325 2685; x_wconf 85' lang='lat' dir='ltr'><strong>ex</strong></span> <span class='ocrx_word' id='word_1_150' title='bbox 354 2621 547 2704; x_wconf 82' lang='lat' dir='ltr'><strong>ambiguitate</strong></span> <span class='ocrx_word' id='word_1_151' title='bbox 577 2620 659 2682; x_wconf 87' lang='lat' dir='ltr'><strong>voela</strong></span> <span class='ocrx_word' id='word_1_152' title='bbox 689 2615 831 2701; x_wconf 70' lang='lat' dir='ltr'><strong>adpetenti</strong></span> <span class='ocrx_word' id='word_1_153' title='bbox 854 2622 906 2684; x_wconf 81' lang='lat' dir='ltr'><strong>Ar.</strong></span> <span class='ocrx_word' id='word_1_154' title='bbox 938 2621 1100 2685; x_wconf 83' lang='lat' dir='ltr'><strong>doctrinam</strong></span> <span class='ocrx_word' id='word_1_155' title='bbox 1131 2619 1295 2686; x_wconf 87' lang='lat' dir='ltr'><strong>deflexisse.</strong></span> 
     </span>
     <span class='ocr_line' id='line_1_21' title="bbox 286 2731 1294 2819; baseline 0.002 -23"><span class='ocrx_word' id='word_1_156' title='bbox 286 2735 376 2796; x_wconf 91' lang='lat' dir='ltr'><strong>lmmo</strong></span> <span class='ocrx_word' id='word_1_157' title='bbox 401 2753 472 2796; x_wconf 87' lang='lat' dir='ltr'><strong>vero</strong></span> <span class='ocrx_word' id='word_1_158' title='bbox 496 2735 525 2794; x_wconf 93' lang='lat' dir='ltr'><strong>iu</strong></span> <span class='ocrx_word' id='word_1_159' title='bbox 549 2731 598 2795; x_wconf 93' lang='lat' dir='ltr'><strong>illo</strong></span> <span class='ocrx_word' id='word_1_160' title='bbox 623 2753 741 2819; x_wconf 91' lang='lat' dir='ltr'><strong>quoque</strong></span> <span class='ocrx_word' id='word_1_161' title='bbox 765 2733 858 2810; x_wconf 87' lang='lat' dir='ltr'><strong>libro,</strong></span> <span class='ocrx_word' id='word_1_162' title='bbox 886 2734 974 2801; x_wconf 82' lang='lat' dir='ltr'><strong>unde.</strong></span> <span class='ocrx_word' id='word_1_163' title='bbox 989 2735 1052 2810; x_wconf 85' lang='lat' dir='ltr'><strong>Cio,</strong></span> <span class='ocrx_word' id='word_1_164' title='bbox 1075 2737 1182 2808; x_wconf 89' lang='lat' dir='ltr'><strong>hausit,</strong></span> <span class='ocrx_word' id='word_1_165' title='bbox 1207 2755 1294 2798; x_wconf 87' lang='lat' dir='ltr'><strong>mun·</strong></span> 
     </span>
     <span class='ocr_line' id='line_1_22' title="bbox 242 2846 1296 2935; baseline 0.001 -23"><span class='ocrx_word' id='word_1_166' title='bbox 242 2920 246 2923; x_wconf 56' lang='grc'><em>,</em></span> <span class='ocrx_word' id='word_1_167' title='bbox 287 2846 344 2914; x_wconf 91' lang='lat' dir='ltr'><strong>dus</strong></span> <span class='ocrx_word' id='word_1_168' title='bbox 374 2861 463 2935; x_wconf 87' lang='lat' dir='ltr'><strong>atque</strong></span> <span class='ocrx_word' id='word_1_169' title='bbox 498 2849 612 2914; x_wconf 91' lang='lat' dir='ltr'><strong>eoelum</strong></span> <span class='ocrx_word' id='word_1_170' title='bbox 644 2848 767 2914; x_wconf 90' lang='lat' dir='ltr'><strong>diversis</strong></span> <span class='ocrx_word' id='word_1_171' title='bbox 802 2851 973 2917; x_wconf 89' lang='lat' dir='ltr'><strong>nominihus</strong></span> <span class='ocrx_word' id='word_1_172' title='bbox 1001 2865 1104 2917; x_wconf 87' lang='lat' dir='ltr'><strong>notata</strong></span> <span class='ocrx_word' id='word_1_173' title='bbox 1132 2849 1221 2933; x_wconf 88' lang='lat' dir='ltr'><strong>lpisse</strong></span> <span class='ocrx_word' id='word_1_174' title='bbox 1249 2852 1296 2914; x_wconf 92' lang='lat' dir='ltr'><strong>vi·</strong></span> 
     </span>
     <span class='ocr_line' id='line_1_23' title="bbox 288 2963 1381 3052; baseline 0.003 -25"><span class='ocrx_word' id='word_1_175' title='bbox 288 2963 403 3028; x_wconf 88' lang='lat' dir='ltr'><strong>dentur.</strong></span> <span class='ocrx_word' id='word_1_176' title='bbox 441 2964 518 3027; x_wconf 90' lang='lat' dir='ltr'><strong>Tum</strong></span> <span class='ocrx_word' id='word_1_177' title='bbox 543 2963 649 3028; x_wconf 90' lang='lat' dir='ltr'><strong>ardore</strong></span> <span class='ocrx_word' id='word_1_178' title='bbox 673 2963 746 3027; x_wconf 85' lang='lat' dir='ltr'><strong>coeli</strong></span> <span class='ocrx_word' id='word_1_179' title='bbox 770 2968 905 3052; x_wconf 73' lang='lat' dir='ltr'><strong>quintum</strong></span> <span class='ocrx_word' id='word_1_180' title='bbox 930 2967 1104 3032; x_wconf 88' lang='lat' dir='ltr'><strong>elementum</strong></span> <span class='ocrx_word' id='word_1_181' title='bbox 1121 2970 1183 3031; x_wconf 80' lang='lat' dir='ltr'><strong>siue</strong></span> <span class='ocrx_word' id='word_1_182' title='bbox 1199 2965 1295 3030; x_wconf 86' lang='lat' dir='ltr'><strong>aethe·</strong></span> <span class='ocrx_word' id='word_1_183' title='bbox 1379 3019 1381 3024; x_wconf 89' lang='lat'><em>.</em></span> 
     </span>
     <span class='ocr_line' id='line_1_24' title="bbox 288 3073 1357 3164; baseline 0 -21"><span class='ocrx_word' id='word_1_184' title='bbox 288 3100 348 3144; x_wconf 89' lang='lat' dir='ltr'><strong>rem</strong></span> <span class='ocrx_word' id='word_1_185' title='bbox 365 3079 524 3164; x_wconf 81' lang='lat' dir='ltr'><strong>significari</strong></span> <span class='ocrx_word' id='word_1_186' title='bbox 540 3101 578 3143; x_wconf 88' lang='lat' dir='ltr'><strong>ex</strong></span> <span class='ocrx_word' id='word_1_187' title='bbox 594 3081 741 3143; x_wconf 85' lang='lat' dir='ltr'><strong>constanti</strong></span> <span class='ocrx_word' id='word_1_188' title='bbox 759 3077 820 3142; x_wconf 87' lang='lat' dir='ltr'><strong>Cle.</strong></span> <span class='ocrx_word' id='word_1_189' title='bbox 839 3101 894 3143; x_wconf 90' lang='lat' dir='ltr'><strong>usu</strong></span> <span class='ocrx_word' id='word_1_190' title='bbox 910 3077 1053 3164; x_wconf 86' lang='lat' dir='ltr'><strong>Petitua&#39;)</strong></span> <span class='ocrx_word' id='word_1_191' title='bbox 1070 3097 1099 3148; x_wconf 93' lang='lat' dir='ltr'><strong>et</strong></span> <span class='ocrx_word' id='word_1_192' title='bbox 1114 3073 1291 3160; x_wconf 82' lang='lat' dir='ltr'><strong>Krisehius&#39;)</strong></span> <span class='ocrx_word' id='word_1_193' title='bbox 1326 3101 1332 3106; x_wconf 86' lang='grc'><em>·</em></span> <span class='ocrx_word' id='word_1_194' title='bbox 1351 3081 1357 3090; x_wconf 79' lang='grc'><em>“</em></span> 
     </span>
     <span class='ocr_line' id='line_1_25' title="bbox 288 3183 1294 3284; baseline 0 -26"><span class='ocrx_word' id='word_1_195' title='bbox 288 3207 456 3260; x_wconf 85' lang='lat' dir='ltr'><strong>statuerunt</strong></span> <span class='ocrx_word' id='word_1_196' title='bbox 479 3207 508 3256; x_wconf 92' lang='lat' dir='ltr'><strong>et</strong></span> <span class='ocrx_word' id='word_1_197' title='bbox 531 3215 569 3256; x_wconf 88' lang='lat' dir='ltr'><strong>ex</strong></span> <span class='ocrx_word' id='word_1_198' title='bbox 591 3190 693 3256; x_wconf 89' lang='lat' dir='ltr'><strong>iisdem</strong></span> <span class='ocrx_word' id='word_1_199' title='bbox 714 3190 775 3256; x_wconf 82' lang='lat' dir='ltr'><strong>Cio.</strong></span> <span class='ocrx_word' id='word_1_200' title='bbox 800 3183 883 3258; x_wconf 83' lang='lat' dir='ltr'><strong>libris</strong></span> <span class='ocrx_word' id='word_1_201' title='bbox 908 3194 943 3259; x_wconf 91' lang='lat' dir='ltr'><strong>de</strong></span> <span class='ocrx_word' id='word_1_202' title='bbox 967 3210 1027 3262; x_wconf 91' lang='lat' dir='ltr'><strong>nat.</strong></span> <span class='ocrx_word' id='word_1_203' title='bbox 1053 3198 1134 3262; x_wconf 86' lang='lat' dir='ltr'><strong>deor.</strong></span> <span class='ocrx_word' id='word_1_204' title='bbox 1160 3207 1294 3284; x_wconf 81' lang='lat' dir='ltr'><strong>apparet:</strong></span> 
     </span>
     <span class='ocr_line' id='line_1_26' title="bbox 287 3305 1297 3410; baseline 0.002 -38"><span class='ocrx_word' id='word_1_205' title='bbox 287 3309 320 3382; x_wconf 89' lang='lat' dir='ltr'><strong>ll,</strong></span> <span class='ocrx_word' id='word_1_206' title='bbox 343 3305 382 3369; x_wconf 83' lang='lat'><strong>15</strong></span> <span class='ocrx_word' id='word_1_207' title='bbox 402 3327 519 3410; x_wconf 49' lang='lat' dir='ltr'><strong>⁵aquae</strong></span> <span class='ocrx_word' id='word_1_208' title='bbox 543 3307 680 3372; x_wconf 91' lang='lat' dir='ltr'><strong>oriuntur</strong></span> <span class='ocrx_word' id='word_1_209' title='bbox 703 3311 733 3372; x_wconf 91' lang='lat' dir='ltr'><strong>in</strong></span> <span class='ocrx_word' id='word_1_210' title='bbox 756 3308 862 3373; x_wconf 88' lang='lat' dir='ltr'><strong>ardore</strong></span> <span class='ocrx_word' id='word_1_211' title='bbox 886 3312 1020 3390; x_wconf 81' lang='lat' dir='ltr'><strong>coelesti,</strong></span> <span class='ocrx_word' id='word_1_212' title='bbox 1053 3315 1105 3399; x_wconf 89' lang='lat' dir='ltr'><strong>qui</strong></span> <span class='ocrx_word' id='word_1_213' title='bbox 1127 3311 1229 3377; x_wconf 87' lang='lat' dir='ltr'><strong>aether</strong></span> <span class='ocrx_word' id='word_1_214' title='bbox 1253 3307 1297 3375; x_wconf 91' lang='lat' dir='ltr'><strong>vel</strong></span> 
     </span>
    </p>
   </div>
   <div class='ocr_carea' id='block_1_7' title="bbox 168 3421 1296 3514">
    <p class='ocr_par' dir='ltr' id='par_1_8' title="bbox 168 3421 1296 3514">
     <span class='ocr_line' id='line_1_27' title="bbox 168 3421 1296 3514; baseline 0.002 -26"><span class='ocrx_word' id='word_1_215' title='bbox 168 3429 184 3456; x_wconf 85' lang='lat'><strong>&#39;·</strong></span> <span class='ocrx_word' id='word_1_216' title='bbox 267 3421 402 3491; x_wconf 81' lang='lat' dir='ltr'><strong>,eoelum</strong></span> <span class='ocrx_word' id='word_1_217' title='bbox 425 3426 626 3488; x_wconf 70' lang='lat' dir='ltr'><strong>nominatae·</strong></span> <span class='ocrx_word' id='word_1_218' title='bbox 667 3425 732 3490; x_wconf 85' lang='lat' dir='ltr'><strong>darn</strong></span> <span class='ocrx_word' id='word_1_219' title='bbox 749 3445 819 3488; x_wconf 88' lang='lat' dir='ltr'><strong>vero</strong></span> <span class='ocrx_word' id='word_1_220' title='bbox 844 3425 1044 3492; x_wconf 77' lang='lat' dir='ltr'><strong>difficillimum</strong></span> <span class='ocrx_word' id='word_1_221' title='bbox 1066 3428 1228 3514; x_wconf 83' lang='lat' dir='ltr'><strong>explanate</strong></span> <span class='ocrx_word' id='word_1_222' title='bbox 1244 3438 1296 3502; x_wconf 91' lang='lat' dir='ltr'><strong>est,</strong></span> 
     </span>
    </p>
   </div>
   <div class='ocr_carea' id='block_1_8' title="bbox 287 3537 1298 3729">
    <p class='ocr_par' dir='ltr' id='par_1_9' title="bbox 287 3537 1298 3729">
     <span class='ocr_line' id='line_1_28' title="bbox 289 3537 1297 3630; baseline 0 -27"><span class='ocrx_word' id='word_1_223' title='bbox 289 3559 349 3625; x_wconf 88' lang='lat' dir='ltr'><strong>quo</strong></span> <span class='ocrx_word' id='word_1_224' title='bbox 373 3551 461 3625; x_wconf 89' lang='lat' dir='ltr'><strong>paeto</strong></span> <span class='ocrx_word' id='word_1_225' title='bbox 481 3537 541 3603; x_wconf 86' lang='lat' dir='ltr'><strong>Cio.</strong></span> <span class='ocrx_word' id='word_1_226' title='bbox 565 3539 617 3605; x_wconf 86' lang='lat' dir='ltr'><strong>Ar.</strong></span> <span class='ocrx_word' id='word_1_227' title='bbox 642 3541 800 3626; x_wconf 77' lang='lat' dir='ltr'><strong>simplicem</strong></span> <span class='ocrx_word' id='word_1_228' title='bbox 824 3563 927 3606; x_wconf 89' lang='lat' dir='ltr'><strong>vocem</strong></span> <span class='ocrx_word' id='word_1_229' title='bbox 951 3538 1101 3626; x_wconf 71' lang='grc' dir='ltr'><strong><em>οὐρανοῦ,</em></strong></span> <span class='ocrx_word' id='word_1_230' title='bbox 1126 3545 1243 3630; x_wconf 89' lang='lat' dir='ltr'><strong>saepius</strong></span> <span class='ocrx_word' id='word_1_231' title='bbox 1268 3544 1297 3603; x_wconf 93' lang='lat' dir='ltr'><strong>iu</strong></span> 
     </span>
     <span class='ocr_line' id='line_1_29' title="bbox 287 3649 1298 3729; baseline 0.002 -13"><span class='ocrx_word' id='word_1_232' title='bbox 287 3649 365 3716; x_wconf 91' lang='lat' dir='ltr'><strong>libro</strong></span> <span class='ocrx_word' id='word_1_233' title='bbox 387 3656 429 3714; x_wconf 84' lang='lat' dir='ltr'><strong>A.</strong></span> <span class='ocrx_word' id='word_1_234' title='bbox 453 3653 586 3729; x_wconf 84' lang='lat' dir='ltr'><strong>obviarn,</strong></span> <span class='ocrx_word' id='word_1_235' title='bbox 616 3656 645 3715; x_wconf 93' lang='lat' dir='ltr'><strong>iu</strong></span> <span class='ocrx_word' id='word_1_236' title='bbox 675 3653 810 3719; x_wconf 88' lang='lat' dir='ltr'><strong>ardorem</strong></span> <span class='ocrx_word' id='word_1_237' title='bbox 842 3657 914 3720; x_wconf 89' lang='lat' dir='ltr'><strong>eoeli</strong></span> <span class='ocrx_word' id='word_1_238' title='bbox 941 3679 1001 3721; x_wconf 85' lang='lat' dir='ltr'><strong>reru</strong></span> <span class='ocrx_word' id='word_1_239' title='bbox 1032 3659 1124 3722; x_wconf 91' lang='lat' dir='ltr'><strong>multo</strong></span> <span class='ocrx_word' id='word_1_240' title='bbox 1152 3658 1298 3722; x_wconf 88' lang='lat' dir='ltr'><strong>diversam</strong></span> 
     </span>
    </p>
   </div>
   <div class='ocr_carea' id='block_1_9' title="bbox 351 3775 498 3783">
    <p class='ocr_par' dir='ltr' id='par_1_10' title="bbox 351 3775 498 3783">
     <span class='ocr_line' id='line_1_30' title="bbox 351 3775 498 3783; baseline 0.007 -1"><span class='ocrx_word' id='word_1_241' title='bbox 351 3775 498 3783; x_wconf 71' lang='lat'><em>———-—-</em></span> 
     </span>
    </p>
   </div>
   <div class='ocr_carea' id='block_1_10' title="bbox 288 3776 793 4074">
    <p class='ocr_par' dir='ltr' id='par_1_11' title="bbox 288 3776 793 4074">
     <span class='ocr_line' id='line_1_31' title="bbox 288 3776 793 3888; baseline 0.006 -21"><span class='ocrx_word' id='word_1_242' title='bbox 288 3776 309 3781; x_wconf 23' lang='grc' dir='ltr'><strong><em>β</em></strong></span> <span class='ocrx_word' id='word_1_243' title='bbox 330 3778 366 3882; x_wconf 30' lang='grc' dir='ltr'><strong>μ’)</strong></span> <span class='ocrx_word' id='word_1_244' title='bbox 390 3815 480 3869; x_wconf 84' lang='lat' dir='ltr'><strong>Geseh.</strong></span> <span class='ocrx_word' id='word_1_245' title='bbox 501 3817 524 3868; x_wconf 86' lang='lat' dir='ltr'><strong>d.</strong></span> <span class='ocrx_word' id='word_1_246' title='bbox 546 3813 611 3868; x_wconf 87' lang='lat' dir='ltr'><strong>Phil.</strong></span> <span class='ocrx_word' id='word_1_247' title='bbox 631 3813 695 3880; x_wconf 83' lang='lat' dir='ltr'><strong>ll,2</strong></span> <span class='ocrx_word' id='word_1_248' title='bbox 714 3835 737 3888; x_wconf 92' lang='lat' dir='ltr'><strong>p.</strong></span> <span class='ocrx_word' id='word_1_249' title='bbox 750 3815 793 3870; x_wconf 73' lang='grc'><strong>84.</strong></span> 
     </span>
     <span class='ocr_line' id='line_1_32' title="bbox 346 3909 538 3982; baseline 0.016 -19"><span class='ocrx_word' id='word_1_250' title='bbox 346 3913 366 3977; x_wconf 84' lang='lat'><strong>¹)</strong></span> <span class='ocrx_word' id='word_1_251' title='bbox 389 3911 407 3963; x_wconf 86' lang='lat' dir='ltr'><strong>l.</strong></span> <span class='ocrx_word' id='word_1_252' title='bbox 421 3911 438 3964; x_wconf 92' lang='lat' dir='ltr'><strong>l.</strong></span> <span class='ocrx_word' id='word_1_253' title='bbox 457 3929 481 3982; x_wconf 94' lang='lat' dir='ltr'><strong>p.</strong></span> <span class='ocrx_word' id='word_1_254' title='bbox 495 3909 538 3966; x_wconf 75' lang='grc'><strong>48.</strong></span> 
     </span>
     <span class='ocr_line' id='line_1_33' title="bbox 346 4005 518 4074; baseline 0 -14"><span class='ocrx_word' id='word_1_255' title='bbox 346 4005 367 4074; x_wconf 86' lang='lat'><strong>⁸)</strong></span> <span class='ocrx_word' id='word_1_256' title='bbox 390 4005 408 4060; x_wconf 93' lang='lat' dir='ltr'><strong>l.</strong></span> <span class='ocrx_word' id='word_1_257' title='bbox 421 4006 439 4060; x_wconf 93' lang='lat' dir='ltr'><strong>l.</strong></span> <span class='ocrx_word' id='word_1_258' title='bbox 457 4005 518 4062; x_wconf 86' lang='grc'><strong>306.</strong></span> 
     </span>
    </p>
   </div>
   <div class='ocr_carea' id='block_1_11' title="bbox 0 0 1488 4770">
    <p class='ocr_par' dir='ltr' id='par_1_12' title="bbox 0 0 1488 4770">
     <span class='ocr_line' id='line_1_34' title="bbox 0 0 1488 4770; baseline 0 0"><span class='ocrx_word' id='word_1_259' title='bbox 0 0 1488 4770; x_wconf 95' lang='lat' dir='ltr'><strong> </strong></span> 
     </span>
    </p>
   </div>
  </div>
 </body>
</html>
