2910 4778
620 395 779 491 „1⁷-

197 579 238 644 sie
260 585 375 641 tantum
392 571 482 638 verba
506 569 645 658 πρότερα
667 571 694 650 y'
707 570 786 638 ὄντα
801 570 926 649 habent,
951 571 1030 640 unde
1045 573 1202 660 pendeant.

112 743 114 750 ,
194 693 258 758 Han
285 693 449 758 mutatione
478 687 553 754 laeta
581 687 745 774 particulas.
764 683 848 752 attat
872 683 936 774 μὴν
959 690 1203 776 praecedentibus

196 807 249 874 ἐπὶ
272 801 555 892 persuadentia
582 803 761 891 respondere
792 826 909 870 eeuseas
939 817 968 869 et
996 807 1038 870 sin
1060 810 1204 894 iuterpre-

197 927 284 990 tanis:
315 922 421 987 animal
445 933 473 986 et
495 920 580 1006 bipes
603 916 740 999 (auden),
768 942 810 986 ex
839 921 947 1007 qulbus
971 926 1060 986 notio·
1077 923 1204 987 bominis

198 1050 331 1115 constat,
362 1039 424 1123 pani
450 1037 519 1120 jure
545 1056 580 1100 aa
601 1035 690 1100 horno
715 1039 778 1121 ipsa
802 1035 973 1122 dignitatem
996 1051 1130 1103 aeternae
1153 1059 1205 1102 na·

197 1166 280 1220 tunae
311 1149 377 1232 (ἐπὶ
404 1152 470 1216 τῶν
497 1145 627 1228 ἀϊδίων)
655 1151 711 1216 sibi
741 1164 861 1236 petunt,
887 1165 925 1216 ut
954 1175 1029 1239 quae
1051 1155 1151 1240 priora
1176 1165 1206 1217 et

197 1283 296 1357 partas
324 1271 367 1333 rei
391 1267 574 1351 compositae
598 1268 666 1331 sint.
713 1264 773 1332 Sed
796 1289 855 1331 non
881 1265 969 1330 inodo
993 1281 1112 1335 aeterna
1136 1280 1206 1332 sunt

199 1384 250 1451 sed
267 1387 352 1448 etiam
369 1383 500 1467 sejuncta
513 1378 681 1464 (χωριστά)
696 1393 724 1446 nt
739 1403 792 1466 per
808 1404 838 1446 se
855 1384 1013 1448 existentes
1023 1377 1053 1466 ¹),
1071 1383 1205 1471 quando·

198 1500 315 1598 quidem
345 1501 437 1564 homo·
464 1499 526 1582 ipse
556 1497 705 1580 sejunctae
736 1497 919 1562 substantiae
949 1498 1063 1566 honore
1086 1498 1203 1564 lenitur.

197 1617 297 1702 Atque
321 1615 393 1680 bane
416 1613 534 1699 quidem
559 1624 689 1678 extrema
712 1615 856 1677 sententia
880 1612 997 1698 duplice
1019 1618 1133 1679 ratione
1156 1615 1206 1678 lin·

201 1741 309 1796 matus:
340 1730 431 1794 altera
453 1727 653 1815 proficiscitur
675 1727 712 1792 ab
735 1731 799 1813 ipsa
826 1727 959 1792 doctrina
980 1722 1131 1794 Platonica
1155 1751 1206 1815 ge·
1238 1725 1241 1730 ’

200 1841 412 1930 ηεῑί’(ζῷον)
448 1856 582 1910 aeternae
617 1840 800 1908 substantiae
830 1843 1002 1930 dignitatem
1030 1845 1204 1932 injungenti,

199 1959 278 2026 unde
305 1962 405 2046 sequi,
436 1958 627 2056 dillenentiam
652 1955 796 2038 (δίπουν)
823 1981 884 2027 nnn
907 1962 1019 2026 tuinure
1038 1961 1107 2045 jure
1131 1959 1206 2026 idem

199 2077 256 2140 sibi
279 2074 428 2141 vindicare
452 2073 512 2156 (19
536 2075 556 2160 ἢ
577 2070 640 2159 yni'p
668 2115 703 2128 --
721 2073 759 2140 21
787 2073 965 2160 ennoean
995 2077 1086 2143 altera
1112 2095 1206 2162 genus

199 2205 287 2278 atque
311 2191 512 2267 differentiam,
538 2203 572 2254 ut
594 2175 851 2277 piternnatam,
875 2205 909 2259 ut
929 2194 1097 2278 posteriori,
1121 2211 1207 2277 prae·

200 2306 338 2390 ponenda
361 2327 423 2368 esse
447 2318 534 2391 unget
556 2301 608 2385 (21
635 2307 703 2371 εἶθ’
727 2347 760 2360 -
779 2306 821 2372 22
845 2304 1105 2395 ἄνταναιρεῖται).
1145 2306 1207 2372 ldae

202 2422 231 2484 iu
256 2419 451 2504 explicatione
476 2423 612 2485 extremis
636 2423 889 2501 ambianense,
917 2447 992 2512 quae
1016 2447 1105 2511 supra
1131 2421 1207 2488 dieta

201 2547 270 2600 sunt
293 2530 354 2614 (18
378 2528 518 2620 πρότερα
539 2531 694 2620 γ’ὅντα),
720 2552 939 2627 temnuntur,
963 2540 1014 2604 sed
1038 2539 1137 2604 eadem
1161 2559 1208 2604 res

201 2651 259 2716 illie
282 2653 499 2728 aeternitatem,
525 2638 762 2720 bieabsolutaan
786 2655 1063 2724 substantialitatem
1088 2653 1209 2718 demon·
1300 2661 1302 2670 ’

201 2779 283 2832 strat.
330 2767 439 2831 Levius
468 2767 595 2851 denique
625 2770 762 2834 mendum
790 2772 996 2839 tollentinas.
1045 2770 1208 2836 Ganuinatn

203 2883 278 2944 enim
302 2881 455 2943 lectionem
479 2875 526 2938 dne
541 2877 578 2940 δὲ
601 2876 678 2958 (13),
704 2885 935 2948 commentitiam
958 2882 1068 2948 denatae
1086 2885 1123 2948 δὲ
1146 2906 1209 2948 esse

202 2994 289 3060 Alex.
315 3004 452 3064 testatur.
495 2991 637 3059 Nostrum
661 3014 733 3056 vero
764 2997 793 3057 in
823 2989 937 3062 textuni
968 3011 997 3063 et
1024 3002 1152 3084 genuina
1181 3010 1211 3066 et

201 3108 379 3196 interpolata
406 3108 493 3174 lentio
524 3111 779 3196 imanignaverunt‚
810 3111 900 3178 modu
931 3112 1049 3178 diverso
1076 3115 1142 3176 loen
1166 3116 1210 3176 in·

202 3237 316 3301 trusae,
341 3224 420 3289 unde
443 3224 599 3311 legendum
624 3247 687 3290 asse
712 3225 803 3292 duco:
828 3223 873 3290 dee
897 3227 934 3292 ds*
956 3229 986 3292 ai
998 3226 1042 3314 ,tt
1065 3223 1212 3293 idaciani

206 3335 290 3400 idlae
318 3333 551 3419 (duva-niv)
575 3339 629 3404 ἐπὶ
649 3338 781 3406 πολλῶν
804 3339 993 3427 deq'uea....
1029 3345 1157 3432 Vulgata
1180 3347 1210 3408 in

203 3435 328 3539 lectione
350 3448 397 3514 dea
418 3473 480 3516 non
503 3455 592 3518 modo
616 3460 695 3523 omni
714 3460 744 3523 vi
770 3477 884 3536 carere,
913 3459 967 3526 sed
991 3461 1077 3526 etiem
1101 3461 1211 3546 impor-

204 3580 309 3634 tunum
334 3590 397 3635 esse
420 3589 481 3632 nnn
504 3580 562 3644 est,
588 3590 640 3634 eur
663 3575 826 3660 explanem.
947 3547 950 3550 Ι

273 3681 441 3752 10401'10.
466 3682 606 3768 μάλιστα
630 3685 661 3750 d'
676 3687 717 3752 ἄν
732 3713 779 3766 τις
801 3685 841 3754 nei
863 3689 928 3758 τῶν
949 3687 1108 3778 ἐμψύχων
1129 3687 1211 3758 tirte-

206 3840 414 3854 ...μμ-«Μ...-

263 3931 281 3996 ¹)
306 3929 338 3984 ei.
359 3927 484 3988 1031130
498 3947 557 4002 sqq.
