2910 4778
613 375 772 476 A

190 563 233 628 ric
256 559 419 626 tutissimus
442 557 591 646 vulgatam
623 553 763 622 mdnitam
788 555 875 622 duxit
897 556 996 622 verbis
1020 555 1196 645 praeceden-

189 677 267 744 tibus
285 675 342 742 25b
356 673 398 741 26
422 667 442 760 ἦ
458 668 575 760 φυσικὴ
593 651 835 758 &suppremi-cce
852 673 894 737 ἄν
909 676 956 757 εἴη
982 717 1031 736 ...
1055 676 1109 736 καὶ
1124 677 1197 759 περὶ

189 790 302 862 οὐσίαν
316 787 374 877 τὴν
389 785 472 856 κατὰ
494 784 552 855 τὸν
566 788 663 870 λόγον
679 781 723 865 ὥς
745 787 797 852 ἐπὶ
811 782 847 853 τὸ
864 782 963 864 πολύ,
988 784 1027 852 οὗ
1041 786 1198 875 χωριστὴν

188 907 299 994 μόνον.
321 909 369 987 ⁴dt
392 908 464 974 hacc
486 928 546 970 nnn
570 905 718 972 derebus
742 905 917 981 dictasunt,
942 903 978 970 dc
994 905 1104 993 quibus
1119 905 1197 993 phy.

126 1005 129 1012 ’
190 1028 268 1090 sicus
292 1037 369 1111 agat,
393 1022 445 1088 sed
468 1044 526 1111 qua
550 1043 587 1086 cx
609 1035 693 1109 parte
715 1023 841 1109 physico
865 1043 912 1086 res
936 1019 1106 1087 tractandae
1127 1023 1195 1087 sint.

190 1140 304 1234 Qucdsi
327 1141 399 1207 haee
421 1138 512 1204 verba
535 1159 640 1226 urgere
661 1139 805 1213 volueris,
830 1159 867 1201 ne
890 1136 926 1202 dc
950 1136 1108 1202 mobilibus
1133 1139 1197 1224 qut:

190 1256 255 1322 dem
278 1257 367 1323 rebus
390 1257 532 1343 physicus
556 1275 641 1342 agere
666 1253 722 1318 dici
742 1253 858 1332 debuit;
883 1255 966 1318 notio
983 1247 1104 1332 (adala)
1122 1255 1197 1318 enim

190 1375 254 1457 ipsa
277 1375 357 1438 omni
380 1385 458 1438 certe
480 1383 562 1436 motu
587 1383 675 1436 caret.

257 1487 358 1554 1025ὴ
380 1486 430 1553 18.
459 1485 529 1552 ἐπεὶ
552 1487 588 1550 di
610 1490 664 1550 acal
687 1483 706 1571 ἡ
730 1481 847 1572 φυσικὴ
870 1484 1023 1570 ἐπιστήμη
1047 1481 1197 1565 τονχοένοι

189 1599 271 1668 οὖσα
292 1608 365 1690 περὶ
386 1605 478 1685 γένος
500 1625 530 1666 τι
550 1602 606 1667 τοῦ
629 1598 723 1676 ὄντος
746 1600 831 1686 (περὶ
853 1597 917 1686 γὰρ
940 1600 1091 1686 τοιαύτην
1113 1600 1198 1666 ἐστὶν

190 1713 305 1782 οὐσίαν
319 1714 390 1810 ἕνῇ
413 1717 432 1803 ᾗ
455 1715 536 1802 ἀρχῆ
560 1717 615 1800 τῆς
637 1712 789 1800 κινήσεως
812 1720 866 1780 καὶ
889 1715 1028 1790 στάσεως
1045 1714 1080 1781 ἐν
1096 1711 1199 1806 αὐτῇ),

191 1830 290 1917 δῆλον
304 1833 352 1898 ὅτι
375 1833 447 1898 οὔτε
469 1831 624 1917 πρακτική
647 1829 730 1896 icccc
749 1827 825 1897 οὔτε
847 1830 1002 1916 ποιητική.
1038 1829 1198 1898 Conclusiu

154 1973 159 1978 ·
189 1949 223 2016 lit
245 1971 305 2014 non
328 1948 417 2016 modo
442 1970 479 2014 ex
502 1951 596 2036 priori
616 1960 698 2036 parte
714 1946 783 2012 ἐπεὶ
800 1981 840 1994 -a
858 1947 962 2025 ὄντος,
987 1948 1038 2013 sed
1058 1949 1144 2014 etiam
1162 1971 1198 2014 ex

189 2065 287 2132 verbis
316 2068 400 2132 uncis
429 2065 563 2142 inclusis,
594 2068 664 2153 quia
693 2088 790 2132 rerum
813 2068 997 2153 poeticarum
1020 2068 1198 2152 principium

188 2185 217 2246 in
242 2181 426 2272 fabricaturis
451 2196 522 2260 arte,
550 2205 648 2247 rerum
670 2182 872 2270 physicarum
886 2193 982 2245 autem
1007 2184 1037 2244 in
1060 2183 1125 2266 ipsa
1148 2202 1200 2244 na-

189 2309 257 2362 tura
285 2301 415 2383 positum
439 2301 477 2362 sit
500 2295 526 2376 (Β
542 2294 706 2380 22-27).
755 2298 816 2363 Hac
841 2296 878 2364 de
903 2299 1131 2374 caesaraeam,
1162 2319 1198 2362 an

190 2433 281 2477 uncas
303 2412 406 2476 tollere
430 2424 569 2497 praestet.

258 2526 357 2593 102812
376 2526 436 2594 18.’
452 2523 499 2589 ἔτι
520 2522 611 2612 παρὰ
633 2522 673 2591 τὰ
698 2524 841 2611 αἰσθητὰ
864 2525 896 2590 οἱ
917 2531 977 2611 μὲν
994 2525 1053 2593 οὐκ
1076 2532 1200 2594 οἴονται

189 2645 271 2711 εἶναι
288 2641 391 2710 οὐθὲν
406 2646 560 2718 τοιοῦτον,
577 2639 609 2706 οἳ
625 2643 663 2708 δὲ
677 2642 776 2709 πλείω
792 2647 846 2708 καὶ
861 2642 988 2727 μᾶλλον
1004 2642 1081 2709 ὄντα
1097 2640 1200 2708 ἀΐδια.

188 2760 273 2826 ldeae
284 2761 453 2826 Platonicae
475 2781 533 2825 non
550 2763 642 2847 magis
658 2760 747 2825 rebus
763 2761 953 2826 sensibilibus
969 2773 1104 2825 aeternae
1120 2775 1199 2839 sunt,

190 2875 242 2938 sed
269 2876 325 2941 hac
355 2880 384 2940 in
414 2896 446 2938 re
473 2877 538 2958 ipsa
568 2895 583 2936 a
612 2874 700 2939 rebus
725 2896 829 2938 sensus
853 2874 1026 2939 lenientibus
1050 2876 1199 2952 differunt,

83 3001 87 3012 ·
191 2988 271 3076 qued
295 2989 350 3054 hae
373 2992 503 3056 interitui
527 2988 685 3065 obnoxiae,
710 2989 776 3054 illae
799 3003 917 3056 aeterno
934 2994 1037 3077 vigore
1059 2991 1199 3080 gaudent.

188 3103 299 3171 ldci'rec
321 3106 436 3194 virgula
465 3118 532 3170 ante
555 3105 635 3170 ὄντα
658 3106 925 3193 interpungendum
950 3129 1013 3172 esse
1037 3104 1131 3182 duco,
1160 3111 1200 3172 ita

189 3234 225 3284 ut
246 3222 283 3287 ad
313 3221 438 3306 μᾶλλον
461 3223 635 3308 suppleatur
657 3222 790 3288 τοιαῦτα
820 3226 881 3288 sive
905 3219 1029 3299 οὐσίας,
1062 3227 1201 3289 extremis
1232 3211 1238 3220 ’

191 3347 287 3402 autem
310 3338 409 3402 verbis
433 3359 521 3403 causa
545 3341 664 3424 majoris
687 3339 839 3426 dignitatis
862 3338 1017 3404 indicetur.

260 3449 358 3518 1000ἃ
376 3449 404 3518 9.
430 3450 519 3516 ἔσται
540 3449 602 3537 γὰρ
626 3454 729 3538 ὄνομα
752 3452 874 3541 ὁτῳοῦν
889 3449 975 3540 λόγῳ
998 3448 1126 3520 τοῦτόν.
1161 3456 1201 3521 Ut

191 3569 291 3638 eadem
322 3591 368 3634 res
398 3581 427 3634 et
455 3570 586 3656 simplice
608 3575 725 3638 nominc
749 3585 778 3636 ct
800 3570 969 3637 definitione
993 3593 1053 3638 rem
1076 3574 1202 3636 circum·

182 3687 336 3780 ‚scribente
360 3686 507 3775 designari
531 3698 639 3774 potest,
664 3689 704 3752 ita
727 3710 834 3754 nornen
852 3700 880 3754 et
899 3688 1028 3754 definitio
1045 3688 1201 3777 haudqua-

192 3825 276 3890 quam
306 3803 382 3868 idem
407 3817 485 3869 sunt.
531 3806 633 3892 ltaque
656 3800 781 3882 ταύτόν,
813 3828 850 3871 cx
873 3804 1116 3892 praecedentibus
1141 3804 1201 3869 lor-

192 3931 267 3983 tasee
290 3921 388 3987 verbis
412 3917 452 4003 (v.
470 3917 503 4006 8)
534 3923 701 4009 importune
729 3917 786 3988 huc
816 3924 962 3988 intrusum
992 3920 1108 3990 exinde
1132 3920 1198 3987 ced.
