2960 4772
706 329 709 342 ,

725 377 807 444 'di

349 555 514 624 1085126.
544 556 610 621 teat
637 581 671 622 τε
697 561 805 644 ἕτερον
828 551 907 623 αὐτὸ
931 554 1059 643 πλῆθος
1082 557 1136 622 καὶ
1158 555 1289 644 πλῆθος

278 669 425 760 ἄπειρον.
462 675 634 742 Alexander
661 679 691 740 in
721 697 777 740 suo
805 688 890 740 textu
917 674 1023 741 habuit
1047 669 1081 737 τὸ
1102 673 1232 761 πλῆθος
1254 697 1289 742 ao

280 815 393 869 vereor,
418 787 454 857 ne
472 787 551 858 αὐτὸ
574 815 612 857 ex
635 793 861 881 interpolatione
884 792 1014 858 fluxerit.
1050 791 1105 856 llio
1129 794 1204 857 enirn
1228 814 1288 857 non

278 920 338 973 tam
362 909 426 973 idea
451 909 647 974 multitudinis
670 931 759 997 quam
783 909 955 974 elementum
979 906 1180 990 (στοιχεῖον),
1211 907 1289 974 unde

278 1025 386 1112 singuli
415 1027 528 1089 numeri
556 1024 645 1091 efficti
668 1028 742 1103 sint,
771 1025 895 1089 iudicari
917 1024 1044 1090 videtur.
1076 1021 1289 1090 001089110

278 1140 345 1216 πῶς
368 1139 405 1205 δὲ
427 1136 535 1204 πολλὰ
559 1140 655 1206 ἄνισα
678 1135 768 1227 παρὰ
792 1138 827 1204 τὸ
849 1135 973 1206 ἄνισον.

348 1254 519 1321 1085130.
556 1253 596 1321 ori
616 1254 679 1339 γὰρ
708 1253 748 1341 δὴ
772 1255 805 1318 ἐκ
833 1279 870 1335 γε
893 1253 1105 1341 διαστήματός
1127 1263 1213 1329 τινος
1235 1257 1290 1320 καὶ

279 1367 376 1456 αὐτῆς
398 1372 534 1456 στιγμῆς.
569 1373 634 1437 Hoc
657 1394 778 1460 quoqne
801 1365 866 1436 loco
888 1375 1063 1462 interpretes
1081 1370 1119 1436 ad
1134 1373 1288 1436 lectionem

278 1487 365 1552 Alex.
391 1510 496 1573 parurn
523 1491 627 1552 attenti
657 1487 786 1552 luerunt.
831 1488 910 1552 lllins
938 1491 1013 1552 onim
1045 1491 1075 1552 in
1105 1499 1190 1552 toxtn
1219 1499 1289 1574 post

279 1596 494 1687 διαστήματος
516 1603 648 1669 additum
672 1583 763 1668 luisse
785 1602 905 1668 videtur
927 1602 996 1687 ἢτοι
1020 1601 1173 1688 πλήθους
1194 1602 1288 1678 τινός,

279 1739 354 1804 quae
383 1719 474 1783 verba
509 1722 538 1782 in
574 1719 661 1785 codd.
685 1719 823 1784 omnihus
853 1718 1036 1784 exciderunt.
1080 1718 1142 1786 Noc
1171 1719 1287 1794 dubito,

280 1836 350 1919 quin
379 1835 496 1920 plenior
518 1835 605 1899 Alex.
623 1836 710 1900 lectio
734 1836 862 1923 genuina
885 1837 933 1900 sit.
972 1834 1086 1900 Etenim
1111 1833 1289 1920 διαστήμα-

278 1946 332 2020 τός
353 1969 439 2024 τινος
461 1963 562 2036 aptum
586 1951 683 2016 locum
707 1952 838 2028 heberet,
863 1953 888 2014 si
907 1949 1154 2015 Platonioi‘nuda
1179 1951 1289 2016 dimon·

279 2066 362 2128 sione
391 2068 478 2130 missa
507 2065 545 2130 ad
574 2041 668 2154 genus
691 2067 842 2155 quoddam
866 2067 913 2131 vel
936 2075 1048 2153 partem*
1071 2065 1219 2153 quondam
1244 2065 1290 2131 di·

279 2183 437 2247 mensionis
468 2182 686 2270 confugissent,
717 2186 803 2272 cujus
832 2185 874 2247 rei
901 2183 1059 2270 vestigium
1091 2181 1203 2246 nullum
1232 2183 1290 2248 hoo

278 2298 344 2362 loco
375 2312 481 2364 exstat.
521 2298 673 2386 Optimum
697 2314 794 2366 autem
818 2321 934 2365 sensum
958 2297 1082 2384 praebet
1104 2297 1192 2362 Alex.
1208 2297 1290 2385 πλή-

278 2417 363 2489 θους
385 2413 510 2508 cruori.
528 2438 553 2482 e.
572 2439 609 2480 ox
633 2417 819 2482 multitudine
844 2439 887 2493 ea,
912 2437 988 2502 quas
1012 2415 1139 2502 aliquam
1163 2414 1289 2480 affinita-

278 2544 336 2597 tem
371 2555 437 2597 cum
472 2533 673 2609 multitudine,
710 2555 784 2620 quae
818 2553 1008 2597 numerorum
1038 2530 1286 2626 elementum‘sit
1354 2519 1358 2526 “

278 2648 387 2714 habeat
409 2647 447 2712 cl.
463 2646 561 2713 1085⁸
576 2647 618 2712 33
635 2652 688 2710 καὶ
703 2646 803 2730 ἄλλης
818 2645 895 2731 ὕλης
910 2652 982 2721 οἵας
996 2640 1032 2710 cd
1049 2644 1186 2731 πλῆθος,
1212 2641 1287 2708 ἀλλ’

278 2758 317 2827 ori
332 2759 492 2848 πλήθους.
523 2762 638 2846 Quodsi
653 2764 701 2829 illa
716 2762 805 2828 verba
822 2763 859 2826 ab
876 2764 962 2828 Alex.
976 2763 1183 2849 explicationis
1197 2781 1283 2826 causa

279 2878 379 2943 addita
409 2902 471 2944 esse
500 2878 636 2958 duxeris,
672 2902 835 2967 pronomen
870 2873 956 2954 τινὰς
986 2893 1064 2946 certo
1093 2880 1286 2946 exterminan-

278 2995 425 3060 domest.

347 3109 445 3177 1080ἃ
459 3111 489 3176 5.
514 3108 545 3177 oi
569 3111 605 3175 ot
619 3107 660 3196 pol
678 3111 747 3196 εἴδη
762 3107 956 3196 βουλόμενοι
971 3110 1041 3193 ἅμα
1056 3113 1111 3172 καὶ
1125 3101 1289 3191 dominius

141 3247 149 3260 ·
278 3238 392 3302 ποιεῖν,
415 3219 477 3305 onix
500 3224 635 3311 ὁρῶντες
658 3226 703 3303 δέ,
727 3227 757 3290 εἰ
777 3224 835 3302 τὰς
857 3225 959 3308 ἀρχάς
980 3247 1026 3300 τις
1048 3223 1166 3300 ταύτας
1186 3221 1289 3308 θήσε-

277 3365 345 3418 ccu,
375 3341 442 3416 πῶς
470 3339 559 3406 ἔσται
589 3335 608 3406 o‘
637 3339 865 3429 μαθηματικὰς
887 3336 1030 3427 ἀριθμὸς
1052 3339 1142 3424 παρὰ
1164 3334 1222 3405 τὸν
1244 3339 1289 3402 ai-

278 3458 415 3543 dpcuniv.
456 3458 582 3546 Corrigo
615 3457 746 3536 ταύτάςς
781 3460 827 3524 illa
857 3463 932 3524 enirn
955 3459 1177 3524 Platonicorum
1208 3467 1289 3520 secta
1315 3473 1318 3480 ’

277 3598 431 3639 nurnerum
454 3575 576 3641 idealem
595 3591 629 3642 *et
653 3577 889 3643 mathematicum
913 3579 943 3639 iu
966 3597 1058 3638 unum
1082 3572 1225 3638 conllassc
1245 3571 1289 3633 vi·

278 3690 378 3769 detur,
411 3695 480 3781 quia
503 3716 564 3758 non
586 3694 741 3769 viderunt,
773 3691 923 3780 quomodo
948 3712 985 3784 ex
1009 3689 1111 3754 iisdem
1135 3687 1288 3772 principiis

277 3811 390 3874 numeri
421 3810 553 3874 diversae
582 3821 705 3874 naturae
736 3808 863 3873 derivari
892 3819 1028 3892 possent:
1059 3801 1289 3870 Commendatur

278 3937 374 3991 autom
397 3948 457 3991 mea
483 3924 647 3992 emendatio
671 3927 778 3992 collato
799 3947 862 4009 cap.
876 3922 936 3988 Vll.
965 3919 1062 3988 1081a
1078 3918 1119 3985 12
1141 3917 1172 3984 ci
1186 3916 1223 3984 di
1244 3911 1290 4002 μή
