2910 4778
609 391 765 500 ..Β-ἓ-.-

182 582 289 649 Brund.
319 565 412 647 Belrlr.
440 567 515 646 Bon.
541 579 707 667 Schwegl.;
738 580 789 645 sed
818 580 883 645 cod.
907 580 949 645 Al
978 567 1100 666 prnebct
1123 581 1188 646 v.3

181 700 210 763 sl
229 693 292 781 reip
317 693 359 781 μὴ
379 685 553 780 diederico,
577 721 606 761 v.
625 695 644 760 5
669 681 794 779 μᾶλλον
810 691 968 796 &inderiso
983 698 1003 780 ἢ
1019 689 1036 759 ὃ
1050 683 1189 771 'taectvoc

181 814 240 881 Sed
264 812 430 889 videamus,
457 812 528 900 quid
552 826 666 877 veteres
690 824 950 889 commentatores,
980 836 996 877 ο
1019 815 1189 877 recentiori-

180 930 238 997 bus
262 929 427 994 editoribus
451 929 499 992 hic
522 929 595 992 male
619 928 758 1013 neglecti,
788 928 920 1015 legerint.
967 930 1066 1015 Atque
1089 941 1189 1015 postc-
1275 1011 1282 1020 ·

180 1049 259 1110 riorc
282 1046 348 1109 loco
365 1045 450 1108 Alex.
477 1065 542 1108 curn
568 1044 633 1107 cod.
651 1044 692 1107 Ab
709 1046 875 1107 consentire
897 1043 1050 1108 manifesto
1066 1056 1191 1130 apparot

181 1183 219 1226 ex
241 1145 335 1244 ipsius
351 1159 466 1223 verbis:
489 1157 615 1242 μᾶλλον
637 1161 697 1240 μὲν
719 1154 897 1243 ἀληθεύειν
919 1155 977 1223 τὸν
999 1157 1068 1242 ἅμα
1090 1158 1189 1243 ἄμφω

181 1272 459 1357 ὑπολαμβάνοντα
475 1275 532 1337 τοῦ
547 1273 673 1347 ἐκείνως
689 1270 985 1357 ὑπολαμβάνοντος.
1017 1273 1076 1339 Nec
1093 1276 1189 1337 minus

181 1403 281 1476 operte
304 1390 420 1476 Asclcp.
446 1393 475 1452 in
500 1393 597 1476 priore
622 1391 688 1454 loco
713 1411 777 1453 cunr
803 1389 869 1454 cod.
892 1390 934 1454 Al
956 1392 1121 1472 conspirot3
1145 1391 1190 1451 iu-

181 1508 289 1571 certius
313 1518 371 1577 cst,
401 1504 470 1591 quid
495 1505 581 1570 Alex.
607 1506 664 1569 hoc
687 1508 718 1567 in
741 1508 841 1591 priore
865 1505 929 1569 loco
954 1505 1107 1582 habuerit3
1137 1505 1190 1568 sed

181 1643 217 1686 no
240 1642 306 1685 eum
331 1619 449 1708 quidem
473 1621 559 1684 aliurn
581 1623 737 1686 lectionem
763 1643 795 1686 ac
819 1621 884 1684 cod.
905 1621 946 1684 Ab
969 1633 1101 1685 secutum
1126 1641 1190 1684 esse
1270 1656 1272 1660 ·

183 1737 252 1800 mihi
276 1739 373 1801 corius
397 1739 461 1822 ejus
484 1737 575 1801 verba
599 1738 764 1822 inspicienti
789 1738 931 1822 persuasi.
969 1734 1055 1800 Nunc
1079 1738 1190 1798 exami-

184 1873 298 1928 nemus,
329 1851 401 1939 quid
423 1873 527 1916 sensus
557 1853 697 1936 postulet.
743 1852 843 1938 Atque
867 1852 991 1936 primurn
1014 1852 1044 1913 iu
1068 1851 1190 1937 vulgatu

182 1966 305 2031 lectione
327 1967 376 2031 illa
392 1967 483 2032 verba
506 1965 567 2051 ἤδη
591 1989 669 2040 πως
693 1962 761 2046 ἔχοι
784 1964 826 2030 ἄν
842 1961 882 2028 col
904 1964 981 2030 ὄντα
998 1966 1082 2030 valde
1098 1967 1190 2031 offen-

184 2081 264 2147 dunt.
312 2083 385 2147 Norn
415 2086 439 2146 si
470 2082 632 2147 adversarii
663 2105 744 2159 eum,
776 2085 826 2168 qui
857 2095 909 2145 out
936 2082 1012 2145 hauc
1038 2095 1089 2147 cut
1112 2084 1189 2146 illum

182 2219 279 2262 rerum
302 2211 436 2262 nuturnrn
460 2193 494 2281 (ἢ
517 2193 601 2277 ἔχειν
624 2199 644 2281 ἢ
666 2194 708 2282 μή
732 2195 829 2278 ἔχειν)
849 2219 912 2262 esse
929 2196 1061 2274 affirmet,
1087 2218 1189 2261 verum

186 2311 280 2375 dicero
308 2314 483 2390 concedent,
515 2336 574 2378 non
600 2315 661 2400 jam
693 2313 790 2400 aliqua
820 2335 858 2378 ex
886 2325 971 2400 parte
1001 2335 1047 2377 res
1077 2315 1188 2378 incerto

185 2425 297 2490 flumini
328 2440 479 2512 exemptae
506 2443 588 2507 sunt,
621 2428 672 2493 scd
697 2433 831 2515 quaestio
856 2427 993 2493 absoluta
1017 2444 1060 2494 cst
1084 2432 1189 2495 omnis.

184 2542 299 2626 Quodsi
323 2544 371 2608 hic
394 2544 546 2610 lectionem
564 2545 649 2609 Alex.
676 2557 704 2609 et
727 2544 792 2609 cod.
810 2545 851 2610 Al
874 2537 1032 2627 ἀληθεύει
1048 2547 1068 2628 ἢ
1084 2542 1102 2606 ὃ
1120 2566 1190 2629 pro·

184 2657 307 2737 beveris,
332 2683 369 2725 ne
392 2661 449 2726 illic
473 2661 592 2748 quidem
608 2662 758 2748 vulgatum
781 2662 936 2726 lectionem
960 2661 1078 2724 retineri
1102 2681 1190 2746 posse

177 2776 238 2861 jum
268 2790 359 2864 patct.
408 2777 467 2842 Sed
498 2781 584 2841 etium
614 2800 629 2840 o
655 2777 745 2842 rebus
768 2780 841 2864 ipsis
865 2778 986 2862 vulgato
1010 2777 1096 2840 lectio
1120 2799 1190 2862 pro·

180 2892 309 2975 fligutur.
356 2893 431 2955 Nam
455 2893 480 2953 si
504 2891 677 2953 infitiatores
704 2894 843 2980 principii
872 2890 1112 2956 contradictionis
1136 2913 1189 2955 sue

182 3018 346 3071 commenta
370 3027 407 3071 ex
430 3027 527 3070 rerum
551 3017 657 3070 nutura
682 3006 871 3084 confirmant,
902 3029 967 3083 cur,
1001 3029 1127 3094 quaeso,
1158 3005 1191 3070 id

182 3135 226 3186 cst
248 3124 386 3211 lugicutis
410 3127 554 3188 rationem
578 3144 637 3186 non
659 3121 807 3188 reddentis
818 3119 847 3204 ¹),
879 3121 1033 3185 Aristoteli
1056 3123 1190 3206 inprimis

184 3241 325 3302 orationis
349 3243 500 3304 veritatum
531 3262 568 3304 cx
599 3261 694 3304 rerum
719 3251 825 3302 nutura
849 3231 1017 3317 metienti').
1066 3235 1189 3303 Servate

185 3335 276 3432 igitur
297 3350 421 3413 lectione
444 3354 510 3415 cod.
527 3355 567 3418 Ah
585 3369 613 3419 ct
635 3367 767 3419 veterum
792 3364 1067 3430 commentatorum,
1098 3353 1190 3418 verba

183 3461 263 3526 hunc
286 3463 317 3526 in
341 3461 460 3526 modum
484 3465 721 3548 interpretamur:
742 3470 804 3554 jam
828 3470 955 3543 sicum,
980 3469 1031 3553 qui
1048 3479 1099 3530 out
1115 3466 1189 3530 hunc

183 3591 234 3643 aut
265 3579 343 3644 illam
373 3599 471 3644 rerum
499 3589 635 3645 naturum
658 3608 719 3650 csse
744 3585 884 3660 affirmet,
915 3604 1012 3648 errare
1036 3605 1090 3650 vos
1120 3604 1190 3648 con·

228 3845 260 3922 ι’)
284 3845 386 3914 Bonitp.
407 3863 427 3899 s.
442 3844 466 3899 lr.
480 3843 497 3897 l.

240 3940 260 4007 ²>
285 3944 315 3996 ‘l
335 3943 390 3999 ⁰²²·
411 3939 625 4010 e.x11,1u1s‚
644 3939 890 4012 metaph-turso,
909 3955 934 4001 c
954 3941 1133 4002 rosor-s.

595 4053 601 4070 ⁸
977 4043 995 4099 3
