2962 4770
614 403 772 501 -r-ra—

188 579 309 667 ἔστιν’).
341 585 404 648 Jam
429 585 453 647 si
479 585 544 670 quis
568 605 605 646 ex
630 603 674 644 me
698 581 822 666 quaerit,
849 599 917 643 num
938 577 990 645 has
1008 578 1081 644 duas
1100 593 1199 667 partes

187 675 314 788 perlecto
331 702 521 764 concinnatas
546 720 608 762 esse
625 707 740 782 putem,
765 696 795 760 id
813 697 932 759 omnino
955 717 1042 783 nego.
1079 695 1200 758 Etiamsi

188 818 263 879 enim
300 815 414 903 aliquot
447 815 528 878 locos
564 813 655 899 priori
684 814 878 888 institutioni,
915 833 1003 898 quam
1033 813 1199 886 statuimus,

187 943 291 1017 postea
314 929 431 994 additos
455 952 528 1006 esse,
553 927 662 1015 quibus
685 941 785 1012 partes
809 927 983 1014 posterioris
998 925 1199 1000 laudarentur,
1235 993 1241 998 ,

186 1041 414 1126 concedimus'),
440 1045 492 1108 his·
509 1057 604 1108 tamen
629 1045 758 1106 minutiis
782 1065 832 1114 res¹
850 1039 980 1105 nondum
998 1039 1130 1105 conlecta
1147 1053 1200 1104 est.

186 1160 275 1223 lmmo
292 1181 364 1224 vero
389 1157 536 1224 contendo
561 1161 624 1235 An,
650 1163 673 1221 si
698 1159 751 1222 has
774 1171 874 1244 partes
890 1160 919 1220 in
937 1179 1024 1220 unam
1041 1155 1201 1240 perlectam

188 1285 275 1359 atque
306 1275 471 1340 absolutam
501 1275 643 1338 unitatem
673 1273 801 1337 conflare
824 1273 982 1347 voluisset,
1015 1293 1115 1335 omnes
1144 1271 1201 1334 hos

187 1385 279 1452 libros
304 1387 438 1454 funditus
462 1402 630 1466 retractare,
656 1402 744 1476 atque
768 1393 797 1452 in
821 1387 1052 1452 aliam'lormam
1068 1387 1201 1473 redigere
1241 1379 1245 1396 '

188 1501 335 1568 debuisse.
383 1503 520 1581 Accedit,
559 1503 640 1592 quod
670 1507 700 1568 in
728 1507 902 1591 posteriore
922 1505 1108 1567 institutione
1137 1505 1201 1588 ipsa

145 1701 149 1708 .
186 1637 245 1680 non
269 1622 365 1682 minus
391 1641 478 1705 quam
501 1622 530 1684 in
549 1621 659 1702 majore
676 1632 759 1701 parte
775 1621 884 1705 prioris
899 1620 1043 1704 permulta
1060 1639 1113 1680 nec
1129 1630 1200 1700 apto

188 1731 291 1794 ordine
315 1730 474 1817 disposita,
498 1755 552 1796 nec
576 1735 724 1796 concinne
737 1755 770 1796 ac
789 1734 886 1797 limate
903 1735 1012 1818 scripta
1028 1744 1106 1796 sunt.
1141 1730 1201 1796 Sed

187 1867 246 1909 non
275 1844 364 1909 modo
394 1847 484 1912 dictio
514 1847 620 1912 horum
649 1847 794 1912 librorum
823 1837 993 1934 neutiquam
1024 1838 1128 1935 polita
1146 1861 1199 1924 est,

186 1961 238 2026 sod
263 1965 348 2025 otiam
373 1962 464 2027 multa
489 1964 592 2027 leviter
614 1963 729 2048 adjecta
753 1962 842 2028 fuisse
859 1963 970 2039 videri,
996 1985 1072 2050 quae
1095 1977 1199 2050 postea
1281 1967 1284 1971 '

166 2077 469 2163 conglutinarentur,
494 2081 522 2140 in
547 2091 631 2164 parte
654 2081 754 2142 critica
772 2077 877 2143 docere
894 2078 1005 2141 studui.
1045 2079 1201 2142 Praeterea

184 2190 260 2255 liber
273 2197 313 2254 A.
336 2215 414 2257 nunc
438 2195 524 2277 plane
548 2193 713 2277 disjunctus
741 2172 880 2280 nullaque
904 2195 1019 2257 ratione
1042 2195 1199 2279 copulatus

186 2301 251 2366 luit.
296 2304 369 2368 Nam
394 2313 473 2369 uunc'
494 2309 546 2372 Ar.
572 2310 601 2371 in
625 2309 745 2373 libroI.
770 2309 875 2373 multas
899 2311 1045 2385 notiones,
1071 2313 1199 2396 quaein

185 2415 261 2482 libro
280 2411 318 2480 A.
342 2435 532 2486 recensentur
555 2419 612 2501 (iv,
636 2421 779 2506 πλῆθος,
802 2417 909 2500 coriaci,
935 2425 1053 2507 ἕτερον,
1077 2413 1199 2506 ὅμοιον)

184 2530 354 2615 ἐναντίον),
379 2537 466 2624 longo
483 2537 604 2601 uberius
621 2560 654 2601 ac
671 2539 808 2602 subtilius
822 2552 1008 2615 tractaverat,
1026 2540 1198 2604 notionibus

184 2669 254 2713 vero
271 2630 422 2736 potentiae
438 2666 468 2716 et
490 2665 573 2718 actus
591 2667 685 2717 totum
707 2653 815 2718 librum
829 2655 869 2717 Θ.
885 2657 1095 2742 assignaverat,
1121 2655 1198 2719 uude
1247 2699 1249 2704 -

184 2763 259 2828 liber
273 2770 311 2828 Δ.
335 2789 422 2832 suum
445 2769 542 2832 locum
565 2791 626 2832 non
645 2771 706 2852 jam
732 2783 829 2833 tenere
852 2782 979 2854 poterat.

248 2879 366 2960 Quodsi
379 2880 435 2942 bac
452 2893 584 2965 exparte
602 2903 702 2943 omnes
718 2882 771 2944 has
785 2881 889 2947 turbas
902 2884 1196 2962 consideraverimus

184 2991 274 3056 altera
291 3007 388 3058 autem
404 3008 540 3080 exparte
557 2999 745 3073 concinnam,
770 2999 892 3085 politam
912 3010 1079 3086 tersamque
1096 2999 1197 3086 dispu-

183 3110 324 3174 tationem
341 3110 408 3175 libri
417 3104 481 3192 113¹)
498 3107 786 3198 perlustraverimus‚
804 3117 855 3177 vix
873 3111 994 3179 dubium
1012 3137 1074 3180 essa
1087 3129 1195 3202 potest,

186 3219 399 3234 Ἥ

241 3264 260 3328 ¹)
284 3265 403 3320 Michelet
420 3270 446 3319 in
465 3286 586 3322 -examen
610 3270 664 3322 erit.
685 3268 715 3322 de
740 3269 871 3344 l’ourrago
895 3271 965 3326 d’br.
984 3274 1050 3325 intit.
1068 3270 1197 3342 Me'tapb.·

183 3375 207 3427 p.
220 3353 254 3410 d3
274 3357 338 3411 illud
356 3359 463 3434 ὕπερον
475 3389 509 3402 ·-
522 3367 658 3435 ἐνέργειαν
677 3365 708 3417 ad
726 3368 835 3436 metaph.
851 3372 882 3420 Θ.
896 3368 982 3432 refert,
1003 3377 1069 3422 etto
1083 3369 1196 3434 inclinat,

183 3463 212 3507 ut
225 3455 300 3508 verba
318 3459 346 3510 ἐν
364 3459 392 3530 τῇ
403 3487 436 3496 -
450 3457 511 3524 ὕλης
529 3459 561 3511 ad
580 3462 687 3531 metaph.
702 3469 733 3515 Η.
747 3463 848 3516 referat.
879 3438 1063 3519 Sed'omnium
1082 3465 1196 3519 refutan-

184 3552 274 3607 dorum
295 3555 375 3608 otium
394 3556 456 3609 mibi
475 3574 527 3610 non
546 3559 671 3628 suppetit3
690 3559 799 3614 lectores
818 3563 866 3632 ipsi
882 3562 1011 3630 judicent!

239 3651 259 3719 ¹)
285 3650 327 3705 Sic
344 3659 372 3706 A.
393 3651 477 3707 c.Vll
497 3652 607 3708 1017128
627 3659 784 3726 promittitur
803 3658 941 3732 disputatio
960 3659 978 3712 l.
999 3666 1029 3714 Θ.
1050 3658 1146 3725 e.v11;
1171 3665 1196 3713 et

181 3746 249 3801 idem
272 3748 337 3803 liber
356 3753 386 3805 Θ.
412 3760 542 3822 respectus
568 3771 624 3807 osae
648 3763 734 3823 potest
752 3765 783 3809 A.
803 3775 822 3809 c.
838 3757 876 3810 Vl
902 3755 1010 3812 1072·t
1033 3766 1058 3810 et
1076 3763 1109 3809 N.
1130 3775 1149 3808 c.
1169 3755 1194 3808 ll

183 3841 264 3899 1088δ
274 3847 317 3912 25,
337 3850 358 3902 ai
379 3850 436 3919 quis
450 3848 642 3919 explicationem
655 3850 747 3903 horum
762 3853 892 3919 locorum,
912 3873 986 3926 qnam
1001 3855 1135 3907 Bonitzius
1150 3853 1194 3907 dc-

182 3919 276 4006 domit,
294 3963 345 3998 non
363 3947 517 4018 probaverit.
1066 3949 1068 3954 ’

238 4041 258 4107 ¹)
283 4041 324 4094 Me
342 4045 454 4112 priorem
473 4054 573 4101 tantum
591 4045 650 4100 libri
662 4053 697 4102 K.
710 4055 805 4118 partem
825 4049 967 4120 significare
983 4049 1092 4104 lectores
1110 4050 1193 4104 moni·

961 4143 980 4199 8
