2910 4778
335 554 432 624 1007·
449 554 502 624 22.
525 555 634 622 πάντα
656 549 719 640 γὰρ
742 549 867 644 ἀνάγκη
892 559 1125 645 συμβεβηκέναι
1139 559 1279 646 φάσκειν

264 669 388 750 αι’πολς,
411 675 469 738 καὶ
490 666 526 736 od
550 670 629 759 ὅπερ
652 663 824 763 α’νβρύπηι
847 677 931 743 εἶναι
953 672 975 761 ἢ
997 674 1066 764 culp
1089 677 1174 743 ελναι
1191 679 1223 742 ελ
1237 673 1278 763 ἢν

263 789 348 855 εἶναι
375 784 418 873 μη
443 789 536 854 εἶναι.
584 786 658 854 Cum
683 788 809 856 lnrmula
832 789 911 874 ὅπερ
935 783 1016 856 ἄνθ.
1040 792 1124 857 ελναι
1147 796 1212 881 ipsa
1235 796 1278 859 rei

264 906 399 981 essentia,
424 903 569 970 accidenti
592 909 740 991 opposita,
765 906 937 994 designetur
946 901 976 989 ¹),
1001 906 1089 974 foeda
1113 909 1278 996 tautologia

263 1041 302 1086 ex
317 1020 491 1086 Bonitziana
515 1021 640 1086 lectione
664 1021 772 1088 evadit.
809 1022 925 1106 Quodsi
948 1025 1024 1088 inter
1048 1024 1111 1089 illas
1136 1024 1277 1090 formulas

263 1135 321 1201 boe
350 1136 414 1202 loco
446 1137 558 1226 aliquid
574 1136 758 1205 *discriminis
782 1137 904 1204 subesse
928 1141 1092 1217 censueris,
1124 1143 1277 1228 sequentia

263 1250 371 1330 verba,
396 1251 426 1316 el
446 1248 509 1334 γὰρ
532 1249 674 1318 ἔσταιτι
697 1250 776 1335 ὅπερ
798 1249 965 1341 ἀνθρώπῳ
981 1255 1078 1330 εἶναι,
1102 1255 1276 1320 ταῦτα...

261 1388 366 1452 parum
391 1371 561 1444 concinent,
588 1371 728 1454 quoniam
752 1368 801 1434 hie
825 1382 902 1436 certe
923 1370 1037 1435 nullum
1053 1370 1193 1436 indicium
1209 1371 1275 1436 telis

264 1480 440 1548 discriminis
469 1495 630 1571 spectatur.
677 1483 879 1550 Alexandrum
911 1485 1029 1573 quidem
1063 1509 1123 1552 non
1150 1508 1176 1546 ε.
1197 1508 1226 1566 η.
1248 1505 1272 1544 ε.

262 1595 314 1662 sed
337 1593 373 1662 ad
389 1620 416 1662 c.
431 1622 461 1683 η.
478 1621 502 1662 ε.
525 1601 555 1662 in
579 1611 665 1664 textu
689 1599 845 1676 habuisse,
871 1623 908 1666 ex
932 1603 996 1687 ejus
1016 1598 1189 1687 paraphrasi
1212 1597 1271 1663 col-

253 1712 314 1798 ligi
338 1727 437 1800 potest
460 1710 576 1794 (λείπει
597 1710 660 1801 γὰρ
684 1710 772 1802 αύτῷ
790 1712 808 1780 ὃ
825 1719 880 1781 καὶ
895 1711 1086 1801 Ισύνδεσμος,
1110 1721 1164 1779 lent
1181 1709 1201 1806 ᾗ
1220 1717 1274 1778 καὶ

262 1824 298 1890 od
320 1831 351 1890 al
372 1825 413 1912 ἦν
435 1827 546 1908 εἶναι),
570 1830 622 1894 sed
646 1853 683 1895 ne
706 1831 764 1898 bne
782 1833 901 1919 quidem
918 1833 990 1898 mihi
1006 1832 1161 1919 probatur,
1186 1833 1275 1897 immo

263 1965 334 2009 vero
362 1944 411 2008 illa
440 1945 530 2011 verba
553 1967 580 2008 τ.
601 1969 630 2030 η.
653 1968 684 2022 e.
706 1970 744 2012 ex
771 1961 889 2014 vetusto
918 1950 1095 2035 glossemate
1121 1947 1274 2031 irrepsisse

263 2057 411 2138 videntur,
437 2060 515 2128 unde
538 2061 658 2128 diverso
681 2063 748 2128 loco
772 2068 801 2127 in
818 2063 905 2129 Alex.
929 2074 1015 2128 textu
1039 2073 1068 2125 et
1090 2063 1120 2124 in
1144 2058 1210 2125 nod.
1228 2057 1275 2126 Al

263 2176 405 2242 collocata
429 2180 498 2242 sint.
533 2178 643 2244 Eadem
667 2182 782 2245 ratione
798 2178 942 2244 simillima
960 2175 1127 2263 corruptela
1142 2173 1276 2240 sananda

262 2304 320 2368 est,
354 2290 453 2356 1021Ι
470 2291 522 2358 26.
554 2291 593 2357 nd
622 2299 683 2377 μὲν
712 2290 772 2361 νύν
798 2305 868 2358 κατ’
887 2286 1034 2379 ύριθμύν
1057 2295 1112 2354 καλ
1136 2288 1276 2374 δύναμιν

263 2405 419 2490 λεγόμενα
447 2405 527 2493 πρός
555 2432 585 2472 τι
614 2410 723 2476 πάντα
753 2410 819 2474 duel
849 2408 929 2494 πρός
957 2433 988 2472 τι
1016 2407 1060 2496 τῷ
1089 2405 1167 2490 ὅπερ
1190 2403 1276 2472 ἐστὶν

262 2517 366 2587 ἄλλον
393 2521 549 2603 λέγεσθαι
577 2521 655 2591 αὐτὸ
687 2525 705 2589 ὅ
734 2525 829 2592 ἐστιν.
854 2526 947 2590 ¹Nam
977 2519 1055 2590 αὐτὰ
1086 2520 1214 2587 denam
1236 2543 1275 2586 ex

261 2639 437 2725 glossemate
461 2638 616 2702 formulam
641 2637 721 2724 ὅπερ
745 2639 831 2702 ἐστὶν
854 2639 1021 2724 explicante
1044 2639 1074 2702 in
1097 2651 1212 2704 textum
1235 2640 1275 2702 ir·
1298 2644 1308 2660 ⁴

262 2756 389 2840 repsisse
411 2755 475 2840 ipse
492 2753 577 2818 Alex.
596 2777 622 2819 a.
640 2753 669 2819 h.
687 2755 705 2818 l.
730 2754 832 2831 docet,
856 2767 891 2818 ut
914 2756 966 2840 qui
982 2752 1072 2820 verba
1091 2751 1171 2840 decep
1189 2752 1274 2818 ἐστίν

262 2871 334 2957 ipsis
369 2869 425 2934 illis
460 2871 682 2957 interpolatoris
712 2871 810 2937 verbis
840 2873 1065 2958 interpretetnrs
1100 2865 1174 2934 ἀλλ’
1189 2867 1274 2934 ἔστιν

262 2984 280 3048 ὃ
305 2983 404 3064 λέγει,
428 2981 476 3048 ὅτι
499 2982 578 3052 adad
603 2985 621 3051 d
644 2985 730 3053 ἐστιν
752 2989 772 3070 ἢ
795 2982 898 3052 ἄλλον
921 2984 1116 3063 λέγεται...

331 3101 430 3170 10081)
447 3104 476 3168 2,
507 3100 553 3166 ἔτι
581 3100 647 3187 ἄρα
670 3100 687 3164 ὁ
709 3103 770 3182 μὲν
791 3101 812 3182 ἢ
834 3095 919 3176 ἔχειν
942 3098 1010 3170 πῶς
1032 3094 1276 3192 ὑπολαμβάνων

262 3221 282 3305 ἢ
310 3215 353 3303 μὴ
384 3216 468 3297 ἔχειν
498 3217 701 3300 διέψευσται,
730 3212 747 3277 ὁ
775 3212 811 3277 δὲ
834 3208 935 3296 ἄμφω
959 3205 1131 3295 ἆληθεύειη
1160 3209 1191 3274 ελ
1210 3205 1275 3296 γὰρ

264 3327 430 3416 ἀληθεύει,
453 3335 484 3395 ni
506 3329 548 3397 ἄν
571 3334 618 3414 εἴη
641 3325 677 3393 ad
694 3325 934 3410 λεγόμενονὸτι
948 3324 1078 3412 τοιαύτη
1093 3330 1158 3392 τῶν
1173 3325 1275 3394 ὄντων

262 3442 413 3534 ἡφύσις,
442 3448 472 3510 ελ
494 3447 530 3512 dd
552 3441 596 3530 μὴ
621 3436 788 3530 ἆληθεύει,
813 3438 905 3516 ἄλλα,
922 3441 1049 3526 μᾶλλον
1073 3430 1271 3528 ιλληθεύειό

262 3563 390 3638 ἐκείνως
418 3557 676 3644 ὑπολαμβάνων,
705 3555 769 3644 ἤδη
798 3581 866 3636 παις
895 3556 963 3639 ἔχει
992 3555 1096 3624 ἄντα
1119 3555 1273 3622 dennuni

262 3663 348 3744 παύε’
361 3674 485 3761 ἀληθὲς
508 3672 551 3741 ἄν
573 3678 636 3760 εἴη,
659 3678 714 3738 καὶ
736 3671 796 3756 αύχ
819 3675 888 3759 ἅμα
911 3676 966 3738 καὶ
988 3669 1046 3736 οὐκ
1066 3669 1198 3756 α’ληθές.
1231 3670 1274 3736 sie

263 3794 389 3860 ducibus
411 3793 560 3881 plerisque
583 3791 736 3857 codicibus
759 3794 944 3876 vetustisque
968 3786 1147 3854 editionibus
1171 3784 1274 3872 legunt

263 3909 474 3920 ..-..--..--.

315 3951 334 4020 ¹)
349 3950 380 4006 ci.
390 3951 493 4007 Bnnitu.
503 3948 613 4022 metaph.
623 3949 649 4004 ll
662 3947 746 4021 pute
758 3948 836 4005 etAr.
847 3947 878 4002 dc
890 3961 975 4018 gener.
989 3951 1015 4000 ct
1027 3949 1138 4014 corrupt.
1148 3941 1180 3998 A.
1194 3960 1214 3998 e.
1224 3939 1273 3996 llI.
