2962 4770
498 445 503 454 «
615 395 773 494 ,ττ-

190 579 349 646 arctissime
372 541 566 642 cohaerentia
583 575 729 640 violenter
751 565 871 638 divulsa
891 587 975 652 sunt,
1005 587 1038 640 ut
1061 573 1119 640 boc
1142 595 1198 664 po·

189 697 332 760 tissimum
356 693 423 757 loco
446 692 626 780 hypothesin
650 703 781 755 nostrum
805 690 841 754 dc
864 692 943 754 notis
963 692 1060 776 primo
1077 693 1106 754 in
1122 711 1198 756 mur·

189 813 257 900 gine
285 809 441 894 adscriptis
471 806 577 872 deinde
605 789 789 872 incommode
818 807 849 869 in
877 817 991 870 textum
1015 806 1111 870 inlatis
1135 827 1199 872 ruu-

190 927 253 990 uirc
276 943 309 988 ac
325 923 497 988 confirmare
512 943 662 986 conemur.
697 921 888 1007 Quantopere
902 932 999 984 autem
1015 921 1087 984 baec
1103 924 1199 1007 capita
1250 981 1253 986 Α

190 1039 348 1106 dilacerata
371 1041 444 1116 sint,
472 1058 551 1101 nunc
574 1037 755 1124 singularum
778 1038 906 1121 partium
929 1037 1104 1100 testimoniis
1128 1057 1197 1123 pro·

189 1155 279 1221 babo.
308 1155 408 1242 Atque
430 1155 558 1240 primurn
580 1174 618 1217 cx
633 1165 738 1217 natura
754 1153 925 1216 mutationis
941 1153 1089 1214 materiem
1106 1171 1200 1238 quan·

191 1270 258 1334 dam
287 1271 367 1333 omni
390 1269 546 1332 mutationi
569 1267 690 1332 subesse
713 1265 819 1331 debere
842 1266 896 1331 Ar.
919 1265 1006 1330 docet
1029 1263 1063 1330 9¹³
1079 1263 1198 1331 3-15

191 1383 300 1470 ἄμφω.
322 1384 450 1448 Primam
465 1384 540 1447 banc
555 1395 668 1470 partem
685 1385 794 1468 optime
808 1368 978 1468 exciperent
989 1379 1081 1446 verbs
1094 1379 1200 1446 πάντα

191 1492 225 1562 d’
245 1498 326 1583 ὕλην
348 1496 414 1578 ἔχει
435 1495 497 1562 ὅσα
518 1495 727 1580 μεταβάλλει,
757 1496 865 1585 quibus
888 1497 1032 1584 generalis
1055 1499 1199 1562 sententia

191 1635 228 1678 ex
251 1615 375 1700 singulis
398 1615 539 1701 exemplis
556 1613 815 1678 demonstraretur.
850 1612 1004 1694 interjecto
1021 1625 1118 1676 autem
1133 1612 1199 1676 loco

191 1724 347 1810 (ib-24)
372 1749 487 1792 omnem
510 1748 570 1791 rem
594 1748 632 1789 ex
655 1747 700 1802 co,
725 1724 806 1812 quod
828 1729 961 1814 potentia
983 1728 1030 1802 sit,
1055 1727 1199 1790 inactum
1264 1805 1266 1816 Ι

191 1841 342 1906 transduci
366 1854 511 1906 monetur.
541 1841 640 1928 Atque
655 1841 731 1904 banc
748 1840 978 1926 disputationem
994 1843 1199 1927 interpositam

192 1979 254 2022 csse
278 1980 313 2022 eo
338 1959 454 2044 aegrius
478 1954 550 2032 iero,
576 1957 644 2043 quia
661 1955 765 2020 deinde
789 1953 830 2037 (v.
848 1953 889 2020 26
907 1947 1093 2041 ,άπορήσαιτ
1112 1953 1142 2020 d’
1159 1955 1200 2022 ἄν

175 2095 236 2146 Ιτις
258 2069 294 2135 ἐκ
315 2073 411 2136 notos
433 2066 476 2157 pp*
501 2065 595 2147 ὄντος
617 2063 636 2156 ἦ
659 2069 792 2153 γένεσις)
816 2073 977 2158 quaeritur,
1006 2091 1065 2157 quo
1090 2093 1128 2136 ex
1149 2093 1201 2158 gc·

72 2257 78 2268 q
190 2210 259 2253 nere
281 2192 338 2254 τοῦ
361 2183 455 2262 ὄντος
477 2208 524 2251 res
547 2198 714 2250 nascantur.
750 2184 824 2248 Nam
848 2197 908 2249 tam
932 2198 1032 2271 aperte
1048 2185 1201 2272 prioribus

192 2301 290 2366 verbis
317 2324 364 2366 res
394 2300 428 2363 ἔκ
451 2296 494 2385 μὴ
519 2296 612 2376 ὄντος
636 2299 772 2385 δυνάμει
801 2302 874 2366 oriri
897 2305 1121 2389 pronuntiatum
1146 2315 1199 2381 est,

175 2421 226 2480 'ut
247 2437 308 2480 nou
323 2416 455 2493 videam,
480 2436 540 2502 quo
563 2429 650 2501 pacto
669 2420 839 2502 posteriore
861 2417 926 2481 loco
951 2419 1006 2482 bac
1029 2421 1093 2506 ipsa
1117 2419 1153 2484 dc
1170 2441 1202 2485 re

192 2534 293 2618 quaeri
309 2534 413 2618 possit.
438 2530 551 2596 Tribus
563 2529 667 2594 deinde
679 2532 878 2617 generationis
890 2533 1043 2618 principiis
1055 2533 1201 2600 distinctis

191 2647 243 2711 Ar.
260 2649 371 2734 pergit:
394 2644 475 2729 μετὰ
497 2644 598 2710 ταῦτα
619 2642 669 2708 ὅτι
683 2642 798 2730 ἑκάστη
815 2643 849 2708 du
865 2641 1047 2728 συνονάμου
1060 2649 1201 2727 γίγνεται

192 2758 285 2826 οὐσία
308 2758 377 2842 (7οθ
395 2759 438 2842 5).
473 2760 534 2826 Sed
556 2783 631 2846 quac
652 2765 790 2846 proxime
804 2775 969 2850 sequuntur
991 2763 1028 2827 ad
1050 2763 1125 2828 hanc
1141 2786 1201 2830 rem

81 2869 85 2877 ’
192 2875 419 2940 confirmandam
447 2896 484 2938 ne
513 2874 605 2936 hilum
629 2875 747 2960 quidem
770 2874 896 2952 iaciunt,
927 2879 1015 2940 immo
1040 2900 1111 2942 vero
1135 2900 1200 2944 sen·

192 2993 297 3055 tentias
322 3002 454 3054 extremo
478 2988 594 3053 domurn
618 2991 649 3052 in
673 2992 768 3075 capitc
791 2972 905 3075 positas¹
920 3014 949 3056 v.
966 2991 1010 3056 28
1026 2990 1203 3074 ἄνθρωπος

196 3143 231 3158 -
256 3104 341 3171 ἐστίν
362 3104 406 3170 30
436 3106 679 3171 demonstrationi
707 3106 797 3190 hujus
826 3108 867 3170 rei
894 3109 1036 3171 inservire
1058 3112 1202 3174 neminem

191 3220 281 3285 lstcrc
311 3234 418 3307 potest.
467 3220 625 3304 Quomodo
649 3233 747 3286 autem
771 3222 823 3286 Ar.
847 3235 963 3286 tantum
987 3223 1124 3289 aberrare
1147 3247 1202 3311 po·

192 3337 291 3410 tuerit,
314 3337 355 3397 ita
379 3336 449 3397 mihi
472 3337 604 3420 explices
628 3339 722 3400 omnis
745 3335 975 3401 substantiarum
992 3343 1107 3424 generis
1123 3363 1203 3406 men·

191 3451 273 3514 tione
296 3447 372 3513 saeta
395 3444 436 3527 (v.
451 3445 470 3510 5
488 3443 601 3532 ἑκάστη
616 3447 723 3532 odoia)
739 3453 791 3516 Ar.
810 3453 993 3516 occasionem
1009 3449 1144 3540 arripuit,
1169 3469 1203 3522 ut
1258 3485 1260 3490 ¹

192 3543 381 3631 substantias·
396 3575 502 3628 natura
524 3578 694 3652 procreatas
710 3580 738 3631 ct
755 3579 817 3632 arte
833 3566 981 3633 coniectas
998 3567 1201 3656 distingueret,

192 3703 251 3772 quo
275 3684 306 3745 in
326 3679 496 3745 'discrimine
519 3680 699 3745 enucleando
716 3683 768 3747 Ar.
795 3683 831 3748 sb
857 3683 913 3748 slis
936 3706 967 3748 rc
990 3686 1021 3746 in
1044 3685 1129 3750 aliam
1152 3687 1202 3752 de-

192 3798 268 3864 latus
298 3809 350 3864 cst.
398 3794 458 3861 Sed
488 3798 592 3862 mirum
622 3797 651 3860 in
682 3798 801 3864 modum
824 3801 890 3886 ipsa
912 3801 1087 3886 interposita
1109 3801 1202 3868 verbs

192 3933 295 3977 rursus
319 3912 547 4000 disjecta'sunt.
594 3911 668 3980 Nam
692 3912 782 3979 verba
805 3909 875 3980 cios
897 3913 961 4000 πῦρ
979 3951 1018 3968 -
1035 3913 1202 3982 τελευταία
