2962 4770
801 261 838 323 ,ὓ

720 328 879 469 ju.

294 549 368 635 ipsi,
386 547 432 612 vel
448 567 486 612 cx
497 547 713 614 vetustioribus
730 547 1013 614 commentatoribus
1030 548 1155 614 afferunt
1170 571 1207 615 ex
1223 551 1315 615 libris

302 666 396 750 »napi
411 655 575 742 οἷγαθοῦ.«
613 665 717 729 Potuit
740 670 815 731 euim
839 666 922 731 libris
945 669 1018 747 περὶ
1034 661 1167 744 ἀγαθοῦ
1183 665 1219 730 ab
1244 668 1315 731 aliis

294 779 398 842 titulus
428 784 501 863 περὶ
523 778 721 864 φιλοσοφίας
743 782 854 846 inditus
879 803 958 857 esse,
989 781 1068 845 uude
1091 794 1188 847 tamen
1213 785 1317 860 neuti-

284 915 381 981 ¹puarn
398 899 543 982 sequitur,
567 896 660 960 libros
678 901 750 980 περὶ
766 893 900 976 ἀγαθοῦ
914 897 997 962 libris
1013 900 1088 980 aspi
1102 896 1327 982 metonomice„

295 1031 312 1073 a
337 1007 398 1075 Cic.
424 1023 453 1076 et
476 1010 631 1098 Simplicio
654 1013 793 1089 laudatis,
819 1013 935 1078 eosdem
961 1011 1059 1076 fuisse.
1138 1067 1144 1076 ,

236 1135 243 1144 ’
361 1125 518 1213 Reliquum
543 1139 602 1204 est,
627 1140 662 1192 ut
678 1128 875 1213 exploremus,
901 1149 983 1214 quos,
993 1127 1085 1192 libros
1101 1127 1155 1192 Ar.
1172 1131 1236 1214 ipse
1253 1129 1315 1193 srib
1410 1166 1433 1200 η

294 1244 411 1306 nomine
432 1246 505 1325 περὶ
526 1242 723 1328 φιλοσοφίας
744 1245 962 1331 significaverit.
994 1245 1093 1331 Atque
1108 1246 1228 1309 incertis
1245 1267 1317 1308 ver-

294 1357 340 1422 bis
372 1357 476 1422 »αατὰ
498 1358 717 1443 φιλοσοφίαν·
745 1361 871 1436 omissis,
898 1359 957 1424 duo
981 1371 1094 1424 restant
1109 1359 1161 1423 Ar.
1177 1359 1249 1422 ioci:
1275 1359 1314 1422 de

295 1493 342 1535 au.
359 1479 402 1535 A.
426 1496 450 1538 c.
467 1475 491 1535 ll
513 1472 593 1536 uoti
612 1472 651 1537 19
681 1471 799 1555 ὁμοίως
832 1474 869 1537 δὲ
894 1480 949 1538 καὶ
971 1474 1007 1539 ἐν
1029 1479 1190 1557 τοῖςπερὶ
1213 1473 1315 1559 φιλο-

295 1589 411 1671 σοφίας
439 1585 623 1670 λεγομένοις
653 1589 828 1675 διωρίσθη,
857 1585 934 1655 αὐτὰ
961 1592 1021 1673 μὲν
1043 1586 1078 1653 τὸ
1104 1588 1186 1678 ζῷον
1283 1604 1315 1654 et

293 1704 382 1789 phys.
400 1725 480 1768 ausc.
497 1707 537 1765 B.
553 1705 577 1767 il
595 1703 670 1768 194³
689 1704 730 1769 35
755 1705 851 1785 διχῶς
869 1701 983 1792 γὰρτὸ
1001 1699 1040 1770 oei
1056 1695 1164 1768 ἕνεκα·
1188 1708 1313 1790 εἴρηται

296 1809 331 1879 d'
351 1816 388 1881 ἐν
409 1827 476 1892 τοῖς
498 1825 571 1900 περὶ
594 1819 802 1904 φιλοσοφίας.
847 1799 952 1908 Atque
971 1821 1023 1884 Ar.
1055 1823 1085 1882 in
1113 1823 1230 1906 priore·
1244 1821 1309 1884 ioco

294 1928 396 2006 libros,
422 1936 472 2018 qui
496 1946 599 2018 postea
623 1936 680 1999 sub
705 1939 792 2001 titulo
817 1941 891 2019 περὶ
904 1932 1039 2014 ἀγαθοῦ
1059 1933 1240 2011 serebantur,
1263 1957 1309 2000 re-

294 2049 427 2131 spexisse
451 2045 535 2111 vald'e
559 2050 716 2116 verisimile
743 2051 777 2113 fit
807 2073 845 2113 ex
874 2053 925 2126 iis,
958 2073 1034 2135 quae
1065 2062 1305 2114 commentatores

295 2185 321 2226 a.
339 2161 367 2226 h.
390 2163 409 2227 l.
435 2185 472 2228 ex
495 2162 578 2228 libris
602 2169 675 2249 περὶ
698 2161 832 2243 οῗγαθοῦ
855 2166 989 2230 afferunt.
1038 2163 1189 2230 Certiores
1211 2177 1301 2230 autem

294 2301 350 2342 nos
373 2277 443 2343 iacit
466 2278 540 2342 alter
558 2279 650 2344 locus.
686 2279 816 2344 Eandem
842 2283 917 2345 enirn
942 2281 1159 2346 distinctionem
1185 2282 1307 2382 duarum

295 2395 459 2480 specierum
481 2393 538 2456 τοῦ
561 2388 600 2458 οὗ
622 2396 716 2460 ἕνεκα
733 2398 784 2460 Ar.
810 2395 931 2484 oblique
954 2397 1101 2484 significat
1124 2397 1253 2483 metaph.
1267 2400 1310 2459 A.
1433 2421 1434 2424 ¹

296 2531 319 2573 c.
333 2509 385 2573 Vll
412 2508 547 2573 1072i'2
572 2507 621 2574 ὅτι
645 2507 676 2574 δ’
693 2508 758 2575 ἔστι
781 2509 816 2576 τὸ
831 2506 873 2576 οὗ
893 2514 987 2576 ἕνεκα
1010 2509 1046 2576 ἐν
1060 2508 1309 2594 τοῖςοῖκινήτοις,

294 2611 314 2708 ἢ
340 2623 493 2708 διαίρεσις
517 2623 619 2706 δηλοῖ.
653 2623 719 2689 ἔστι
739 2627 801 2710 γάρ
825 2622 946 2691 caused
971 2620 1011 2691 od
1034 2627 1128 2691 ἕνεκα
1149 2631 1206 2688 καί
1222 2645 1311 2700 τινος

294 2738 346 2800 ubi
363 2736 558 2800 Pseudoalex.
583 2759 638 2800 nos
663 2739 699 2802 ad
723 2739 830 2803 librum
854 2746 926 2827 περὶ
950 2735 1084 2821 drocen
1105 2740 1226 2825 delegat,
1251 2761 1307 2802 nec
1433 2777 1434 2798 1

295 2851 430 2938 dubitare
459 2853 541 2930 licet,
574 2856 645 2938 quin
675 2841 803 2920 eundum
833 2855 940 2922 librum
965 2860 993 2920 in
1018 2858 1084 2921 ioco
1108 2856 1157 2919 ilio
1179 2854 1308 2941 physico

294 2968 346 3032 Ar.
364 2968 583 3055 significaverit,
608 2991 785 3058 quamquam
811 2984 1057 3036 commentatores
1081 2971 1173 3036 iibios
1195 2971 1307 3034 ethicos
1329 2984 1332 2988 ’

295 3085 401 3169 respici
426 3084 596 3168 opinantur.

362 3199 497 3263 Vidimus
521 3201 613 3281 igitur
627 3199 720 3263 libros
744 3205 816 3285 accpi
838 3197 972 3281 ἀγαθοῦ
993 3201 1107 3267 aiibris
1123 3225 1165 3268 πε
1196 3203 1202 3208 ”
1232 3195 1304 3281 λα·

295 3317 411 3398 σοφίας
434 3311 567 3377 diversos
590 3313 690 3394 fuisse,
715 3319 768 3381 Ar.
786 3331 880 3383 tamen
901 3333 931 3382 et
951 3317 1096 3382 interdum
1118 3319 1178 3382 sort
1251 3321 1308 3378 ‘ve-

293 3442 370 3497 teres
399 3443 645 3495 commentatores
659 3477 661 3486 1
675 3432 768 3497 libros
791 3437 865 3518 περὶ
886 3427 1021 3513 dracoi
1032 3433 1099 3521 sub
1125 3435 1211 3500 titulo
1236 3433 1308 3515 auspi

294 3547 491 3635 φιλοσοφίας
515 3546 658 3612 laudasse.
700 3548 813 3630 Quodsi
838 3550 912 3613 hanc
937 3553 1086 3636 spinosam
1106 3547 1307 3634 quaestionem

296 3661 424 3727 enodare
440 3660 527 3726 nobis
544 3665 678 3749 contigit,
697 3663 933 3729 dolorem'istum
951 3664 989 3728 oh
1008 3665 1205 3749 conjecturam
1224 3657 1311 3724 blau·

295 3777 361 3842 darn
386 3800 422 3842 ex
441 3776 577 3842 manibus
601 3781 709 3842 nostris
734 3793 880 3844 extortam
904 3783 1219 3865 satis·compensatum
1245 3796 1310 3838 esse

205 3955 208 3961 ,
295 3891 444 3958 ducemus.
475 3889 478 3895 ’

1208 3970 1257 4068 O·

649 4109 949 4135 *—
