2962 4770
496 413 499 418 .
617 381 776 480 —Ep—
848 358 856 372 “

194 585 255 630 esso
284 559 322 628 ad
350 561 490 650 opposite
518 559 647 626 membre
679 563 800 626 unitatis
828 573 857 628 ct
879 557 1074 628 multitudinis
1097 559 1198 648 liquet,

191 678 243 744 sed
271 677 344 744 baec
372 699 419 744 res
447 678 478 742 in
507 675 752 764 praecedentibus
782 675 880 742 verbis
909 657 946 743 n⁸e
975 687 1054 742 taeta
1082 676 1200 764 quidem

192 805 238 856 est
266 803 295 856 et
321 790 399 856 inira
428 791 544 860 demum
573 795 734 878 exponitur
764 788 810 872 (v.
831 789 901 873 17).
948 791 1061 856 Deinde
1090 795 1201 878 optime

152 883 157 889 ⁸
193 907 246 972 Ar.
264 929 292 970 v.
311 905 352 970 22
382 919 411 971 et
439 905 481 972 23
511 910 748 973 contrarietatem
778 910 808 970 in
832 906 964 972 ordinem
995 909 1200 993 oppositorum

195 1019 392 1085 membrorum
420 1025 461 1086 ita
490 1019 592 1097 refert,
622 1035 656 1086 ut
685 1024 836 1109 oppositio
861 1023 985 1106 generis,
1010 1023 1202 1108 contrarietas

194 1137 301 1219 speciei
319 1138 382 1200 viee
405 1135 562 1221 iungentum
587 1136 643 1200 boc
667 1149 764 1200 autem
788 1138 865 1213 loco,
889 1138 942 1200 vix
956 1156 1121 1222 prucorum
1137 1156 1202 1198 ver·

195 1269 281 1313 suum
304 1250 459 1316 intervallo
476 1249 610 1326 distante,
636 1255 827 1318 contrarietas
845 1252 1062 1337 oppositionem
1079 1261 1201 1336 aequat3

196 1383 272 1437 nam,
298 1365 327 1426 ni
351 1362 446 1439 fallor,
471 1367 495 1428 is
514 1377 558 1430 est
574 1385 726 1430 connexus
742 1367 951 1432 sententiarum
967 1377 1002 1428 ut
1016 1359 1056 1428 col
1073 1363 1203 1428 troveto

195 1473 242 1557 (4²
260 1474 289 1560 l)
313 1499 372 1542 nou
393 1477 527 1544 differant
543 1479 580 1544 ab
597 1475 824 1561 ἀντικειμένοις
840 1477 887 1561 (3b
902 1477 966 1561 36),
991 1479 1080 1544 modo
1098 1479 1223 1543 allatis(

196 1580 289 1672 Quam
328 1594 500 1684 inconcinne
539 1593 612 1660 baec
646 1597 742 1658 omnia
778 1595 926 1678 disputata
961 1597 1035 1670 sint,
1077 1596 1204 1657 maxime

196 1705 303 1771 collato
332 1705 435 1770 eodem
464 1719 593 1770 tractatu
621 1711 651 1770 in
680 1707 757 1772 libro
784 1711 816 1772 Κ
838 1729 863 1772 e.
879 1707 922 1772 tlt.
950 1703 1203 1773 1061210-l5

198 1831 331 1903 apparet.
366 1819 490 1884 Accedit
513 1819 648 1907 denique,
673 1821 755 1909 quod
778 1824 809 1886 iu
833 1821 935 1886 eodem
959 1823 1054 1906 eapite
1071 1833 1203 1885 extremo

197 1931 232 1996 tib
247 1931 288 1996 27
301 1930 388 1996 ..35
405 1932 539 1998 reductio
563 1939 779 2002 contrariorum
804 1936 1000 2003 membrorum
1024 1935 1063 1999 ed
1081 1938 1204 2022 primam

197 2049 319 2112 unitatis
355 2047 610 2136 multitudinisque
648 2055 883 2117 contrarietatem
923 2064 952 2115 et
986 2050 1143 2114 dilucidius
1177 2062 1206 2112 et

196 2160 317 2228 uberius
342 2162 379 2228 ab
403 2163 456 2228 Ar.
473 2167 643 2250 exponitur.
682 2166 747 2230 lam
772 2165 852 2254 quod
876 2185 968 2250 supra
989 2163 1133 2238 indicavi,
1161 2185 1205 2228 sc·

199 2288 322 2359 quentes
352 2297 472 2361 quoque
500 2281 661 2345 sentcntiae
689 2280 824 2346 turbatae
847 2291 925 2346 sunt.
964 2278 1038 2344 Nam
1063 2300 1128 2344 cum
1152 2279 1204 2343 Ar.

199 2391 294 2474 primo
330 2390 483 2474 oppositas
509 2413 559 2455 res
590 2393 626 2457 ab
658 2393 757 2458 cadem
787 2398 907 2460 scientia
934 2393 1103 2460 tractandos
1132 2415 1204 2469 esse,

200 2506 366 2568 saepsisset
389 2501 430 2584 (v.
448 2504 468 2572 9
485 2505 554 2570 ἐπεὶ
577 2503 613 2568 δὲ
634 2506 710 2587 μιᾶς
731 2547 765 2558 -
782 2503 1002 2589 τάντικείμενα
1018 2505 1206 2592 θεωρῆσαι),

200 2631 303 2702 postea
327 2619 364 2684 ad
388 2621 509 2686 eandem
534 2622 610 2687 banc
633 2643 694 2685 rem
717 2624 746 2684 in
770 2622 895 2707 simplici
917 2625 1076 2709 negatione
1100 2605 1129 2686 el
1146 2625 1207 2706 pri·
1271 2669 1276 2676 -

200 2736 319 2799 vatione
342 2735 600 2802 demonstrandam
624 2739 749 2802 recurrit
771 2733 950 2818 (to-16).
989 2735 1059 2814 Sed,
1087 2740 1112 2800 si
1135 2737 1207 2824 quid

201 2851 364 2930 perspicio,
394 2851 452 2926 boc
475 2850 528 2912 Ar.
545 2851 634 2912 menti
658 2848 889 2914 obversabatur:
919 2871 983 2914 eum
1012 2863 1141 2936 quatuor
1164 2850 1208 2915 di-

202 2961 391 3046 stinguantur
429 2965 627 3049 oppositionis
665 2985 787 3050 genera:
830 2959 1014 3048 ἀπόφασις,
1054 2945 1236 3048 sulpureos

201 3070 462 3160 tremonem&
485 3077 565 3161 πρός
589 3071 665 3160 π’),
689 3091 852 3144 extremum
871 3091 967 3144 autem
992 3099 1085 3165 genus
1108 3079 1155 3144 bie
1178 3082 1207 3143 in

202 3210 320 3265 censum
345 3213 404 3256 non
427 3192 595 3258 vocandum
619 3191 716 3270 luerit,
742 3197 782 3258 ita
803 3196 854 3260 Ar.
873 3193 1102 3281 disputationem
1125 3195 1209 3256 insti·

203 3304 295 3364 tuisse
321 3304 454 3382 videtur,
484 3319 519 3370 ut
547 3311 575 3370 in
604 3311 772 3394 privatione
801 3322 889 3396 atque
919 3315 1076 3395 negatione
1099 3309 1218 3374 directa

204 3413 453 3482 demonstratione
477 3429 618 3496 uteretur,
644 3425 881 3488 contrarietatem
905 3435 1001 3487 autern
1017 3443 1071 3506 per
1086 3423 1208 3488 mediam

204 3528 385 3626 differentiae
407 3528 597 3618 (διαφορᾶς)
621 3539 770 3602 notionem
794 3537 832 3601 od
849 3537 897 3602 illa
922 3537 981 3602 duo
997 3557 1105 3624 genera
1121 3533 1210 3602 reler-

204 3658 259 3710 ret.
292 3643 353 3710 Sed
375 3649 532 3712 universos
549 3648 633 3713 locus
650 3649 717 3714 iude
734 3650 771 3715 ab
789 3651 823 3716 3¹³
837 3649 879 3718 36
895 3673 990 3740 usque
1011 3651 1048 3716 ad
1060 3650 1095 3716 4ἃ
1110 3650 1152 3715 22
1169 3654 1208 3716 ita

264 3888 602 3956 bffiAcXfflch
