2910 4778
688 372 728 436 tt

202 566 366 643 ponantur,
397 551 566 640 accipienda
591 575 653 618 esse
678 575 793 619 censeo.
842 549 904 618 Cur
926 566 1024 618 autem
1048 551 1103 618 hae
1127 573 1173 618 res
1197 576 1214 620 a
1242 629 1246 644 .

202 671 345 757 dignitate
363 693 448 736 verce
463 668 647 735 substantiae
662 670 875 746 excludantur,
901 693 938 734 ex
959 669 1101 756 exemplis
1117 669 1213 734 allatis

201 797 334 874 apparet.
370 789 470 874 Atque
493 786 640 872 plerisque
664 809 711 850 res
735 809 795 851 non
819 797 925 851 natura
949 788 1062 852 nutrice
1086 785 1212 862 adultas,

202 901 252 968 sed
278 901 392 988 opificis
409 902 546 966 manibus
564 900 714 967 coniectas
733 902 880 990 designari
905 905 1001 988 primo
1025 907 1147 986 aspectu
1170 904 1214 965 in·

202 1017 344 1105 telligitur
359 1013 570 1114 (μελίκρατον,
592 1016 742 1100 ‹poncium›
764 1015 900 1101 βιβλίον,
918 1016 1078 1100 κιβώτιον,
1094 1013 1213 1098 οὐδός),

202 1132 265 1198 aliis
294 1155 353 1198 non
382 1133 566 1198 substantiae
597 1137 678 1220 ipsae
709 1134 760 1201 sed
790 1133 975 1200 conditiones
1006 1155 1106 1198 eorum
1137 1133 1214 1198 indi-

203 1261 307 1316 cantur
329 1245 541 1333 (κρύσταλλον
564 1261 594 1313 et
616 1248 742 1316 sortasse
765 1250 894 1333 πνεῦμα
912 1248 1074 1314 secundum
1091 1261 1211 1313 meteor.

202 1369 243 1427 B.
254 1388 279 1430 c.
292 1363 353 1446 lV),
378 1365 442 1430 aliis
459 1365 585 1452 denique
599 1379 699 1452 partes
715 1367 882 1432 animalium
900 1368 1108 1452 exprimuntur
1123 1361 1212 1445 (χείρ,

202 1476 307 1560 nodo).
345 1481 410 1544 lam
434 1503 486 1545 cur
509 1479 636 1545 medium
657 1504 754 1576 *genus
778 1482 962 1548 substantiae
987 1481 1130 1566 dignitate
1153 1481 1214 1566 pri·

200 1579 287 1662 vetur
310 1618 363 1682 per
386 1621 416 1664 se
440 1610 532 1683 patet,
557 1598 722 1662 artificiales
742 1611 838 1662 autem
855 1620 902 1662 res
919 1610 948 1660 et
964 1599 1129 1662 animalium
1147 1618 1214 1681 par-

201 1724 246 1776 tes
274 1726 426 1789 arcentur,
457 1716 527 1799 quia
556 1712 618 1776 sola
648 1735 776 1799 corpora
804 1713 949 1777 naturalia
979 1734 1072 1798 eaque
1100 1715 1214 1796 integra

202 1849 261 1892 non
288 1829 389 1891 mutila
410 1827 552 1914 peculiari
572 1823 660 1892 sensu
676 1828 859 1893 substantioe
876 1828 1016 1893 dicuntur
1038 1826 1076 1892 cl.
1093 1824 1151 1892 llll
1171 1825 1214 1892 28

202 1956 231 2009 et
253 1941 312 2008 43¹³
332 1941 371 2023 21
397 1956 426 2008 et
449 1941 511 2010 40¹³
529 1941 558 2008 5.
605 1944 691 2010 Nunc
714 1947 806 2031 igitur
829 1944 866 2009 ad
891 1967 967 2022 rem,
992 1943 1071 2008 unde
1095 1943 1213 2008 aberra·

201 2063 312 2137 vimus,
342 2063 453 2126 reversi
480 2060 564 2127 lacile
592 2062 786 2148 intelligemus
809 2065 939 2148 priorem
963 2062 1212 2126 constructionem

202 2176 360 2242 verborum
392 2182 467 2241 »uni
490 2177 569 2240 noim
591 2177 714 2250 τούτοις
737 2173 945 2260 ὁρισθήσεται
974 2171 1010 2238 τό
1035 2176 1137 2239 οἶνον
1168 2196 1213 2240 re·

198 2289 355 2371 jiciendam
379 2293 559 2380 alteramque
582 2314 671 2359 unam
695 2291 879 2379 probandam
904 2313 977 2356 csse.

273 2400 372 2470 totth
385 2405 437 2470 22.
463 2403 515 2470 dui
531 2403 572 2470 cci
587 2404 667 2472 aneni
682 2407 778 2487 λόγον
794 2404 918 2474 δυνατὰ
933 2417 999 2482 τοῖς
1015 2379 1095 2471 ἄνευ
1115 2403 1213 2484 λόγον
1279 2453 1282 2462 .

203 2517 353 2595 δυνατοῖς
375 2530 463 2586 ποιεί
486 2518 652 2588 τάναντία.
691 2523 876 2588 irrationales
905 2526 1053 2609 potentias
1078 2523 1211 2610 singulos

202 2656 349 2724 quamque
380 2637 500 2704 effectus
529 2661 700 2726 procreare,
730 2640 888 2706 rationales
918 2639 1034 2706 easdem
1064 2648 1213 2710 contraria

201 2751 315 2820 e'ificere
333 2755 396 2837 jem
419 2754 465 2820 bis
481 2755 535 2820 Ar.
561 2758 589 2819 in
615 2757 671 2820 hoc
696 2759 791 2841 capite
815 2770 970 2822 monuerat
993 2757 1018 2840 (b
1035 2759 1057 2826 ll
1073 2760 1129 2826 etl
1148 2758 1211 2845 10).

202 2867 303 2952 ltaque
326 2869 383 2934 hoc
407 2870 473 2932 loco
498 2868 555 2932 dici
579 2889 639 2932 non
662 2862 771 2954 potest,
795 2873 955 2936 rationales
979 2880 1126 2958 potentias
1143 2900 1212 2942 con·

202 2984 292 3047 traria
316 3003 349 3045 ac
373 2982 558 3048 irrationales
583 2982 712 3062 eilice'rc,
745 2988 884 3072 quoniam
914 2988 961 3052 illa
985 2991 1065 3076 ipsa,
1097 3014 1212 3079 quaen

172 3093 175 3098 ’
201 3099 316 3164 notione
335 3111 545 3185 procreantur,
571 3101 648 3165 inter
670 3123 717 3177 se,
743 3123 802 3167 non
827 3101 942 3168 effectui
966 3110 1116 3190 potentiae
1139 3111 1212 3172 irra-

201 3215 318 3280 tionalis
340 3218 491 3281 contraria
513 3229 593 3282 sunt.
630 3216 766 3284 Potestas
794 3232 891 3284 autern
915 3222 998 3286 verbi
1022 3220 1153 3288 ἐναντία
1176 3245 1210 3290 eo

203 3329 299 3391 minus
322 3331 351 3392 in
376 3333 535 3416 simplicem
551 3333 732 3398 diversitatis
748 3336 806 3398 vim
823 3335 993 3423 detorqueri
1009 3351 1117 3425 potest,
1142 3343 1211 3428 quia

202 3444 305 3510 stricta
328 3447 544 3508 contrariorum
564 3450 761 3546 membrorum
780 3443 957 3538 significatio
973 3455 1003 3517 in
1019 3457 1211 3541 sequentibus

154 3638 160 3647 Ι
201 3562 368 3626 necessario
382 3559 548 3647 flagitatur:
564 3564 623 3646 μιᾷ
632 3562 695 3650 νοὶρ
707 3563 790 3657 ἀρχῇ
804 3570 977 3650 contexerat
992 3593 1033 3635 sc.
1047 3566 1211 3636 τάναντία.

201 3675 399 3744 Nihilominus
428 3700 548 3758 vereor,
579 3701 616 3744 ne
645 3683 687 3758 is,
718 3687 768 3770 qui
792 3684 884 3750 verba
913 3696 979 3761 τοῖς
1008 3680 1089 3752 οἶνον
1114 3685 1212 3766 λόγον

203 3790 353 3869 δυνατοῖς
383 3795 447 3879 ejici
472 3796 610 3882 jusserit,
648 3798 789 3864 audacior
818 3803 872 3877 sit,
909 3815 997 3889 atque
1026 3804 1142 3879 nescio,
1173 3825 1211 3870 cn

204 3909 397 3992 explicatione
422 3912 558 3998 vulgatae
582 3913 700 3979 lectioni
724 3919 856 3980 succurri
876 3920 979 4004 possit.
1016 3917 1130 3984 Etenim
1145 3941 1210 3985 cum

1000 4028 1039 4084 Δ*
