2948 4768
591 369 751 467 *mn

165 557 250 623 druna
273 577 303 642 p.
320 549 374 629 86,
400 548 443 616 32
459 544 577 624 ο1756,
597 545 638 612 12
661 547 707 612 ed.
731 546 807 612 Bon.
832 544 925 610 libros
949 545 1021 628 auspi
1043 541 1179 628 φιλοσο-

166 673 243 756 φίας
271 671 408 733 citantem
438 663 518 728 haud
542 662 633 728 dubie
656 661 748 726 libros
778 663 872 744 »περὶ
894 656 1049 738 drudoni«
1079 681 1178 744 respe-

165 789 245 853 xisse
270 783 350 856 dicit,
374 779 405 842 id
428 779 498 844 mihi
516 777 633 865 quidem
649 778 821 863 neutiquam
838 789 898 840 tam
911 775 1098 848 menifestum
1115 796 1178 840 csse

166 894 308 964 videtur„
341 895 500 960 Tractatus
529 895 604 958 enim
635 896 707 974 περὶ
730 891 784 974 τῆς
807 887 974 974 ἀναγωγῆς
997 889 1061 954 τῶν
1083 888 1192 984 εἶναψ.

165 1013 242 1075 σίων
265 1011 302 1074 ab
328 1010 412 1074 Alex.
438 1010 609 1095 quinquies:
645 1005 725 1081 206,
749 1005 808 1084 22;
838 1003 996 1083 218,12;
1021 1001 1178 1082 218,16;

166 1123 246 1202 616,
273 1123 329 1200 12;
359 1123 440 1200 588,
464 1122 484 1186 2
513 1121 665 1198 laudatur,
698 1133 787 1208 atque
810 1124 840 1184 in
865 1093 1003 1186 omnibus
1027 1120 1082 1183 illis
1106 1120 1179 1182 locis
1232 1147 1240 1158 ·

166 1241 219 1304 Ar.
235 1240 271 1304 de
294 1241 350 1305 hac
373 1262 404 1302 re
428 1242 459 1300 in
483 1237 566 1302 libris
586 1241 659 1321 περὶ
674 1232 807 1328 ἀγαθοῦ
823 1237 917 1321 egisse
933 1235 1019 1298 Alex.
1037 1232 1178 1310 affirmat,

166 1354 299 1418 Platonis
328 1366 426 1418 autem
456 1351 620 1418 doctrinam
644 1350 680 1415 de
704 1349 957 1436 magnitudinibus
981 1349 1018 1414 ah
1042 1349 1095 1412 Ar.
1119 1361 1180 1412 tra·

167 1480 274 1538 etatem
299 1489 362 1532 esse
385 1467 431 1531 bis
450 1468 538 1532 Alex.
558 1479 657 1531 monet
679 1464 738 1542 86,
755 1464 813 1543 32;
838 1462 972 1542 756,17
999 1477 1027 1528 et
1051 1476 1179 1549 utroque

167 1583 232 1646 loco
250 1605 304 1646 nos
321 1583 358 1648 ad
375 1582 466 1647 libros
482 1586 555 1662 περὶ
571 1583 767 1663 φιλοσοφίας
783 1580 907 1664 delegat.
939 1579 1071 1654 Accedit,
1097 1578 1180 1664 quod

168 1694 300 1758 Alcinio
324 1696 454 1758 secundo
479 1696 556 1758 libro
580 1697 653 1773 περὶ
668 1685 802 1771 οἲγαθοῦ
824 1695 972 1755 contraria
996 1690 1125 1756 membra
1142 1692 1181 1758 ad

166 1810 290 1894 primam
314 1811 551 1874 contrarietatem
575 1809 697 1872 unitatis
721 1820 751 1872 et
768 1806 964 1872 multitudinis
979 1807 1101 1872 reducto
1117 1829 1180 1872 esse

166 1901 1180 2010 mmmmmmemmamamstmmnsmms

167 2052 279 2116 autem,
311 2041 364 2126 qui
390 2060 494 2126 graece
525 2041 691 2124 exscriptus
716 2041 865 2103 invenitur
888 2039 969 2123 epud
993 2039 1180 2103 Brundisium
1232 2067 1235 2078 ι
1294 2058 1299 2066 ’

165 2155 185 2220 1.
202 2155 221 2218 l.
245 2177 275 2240 p.
292 2152 346 2230 47,
371 2157 401 2216 in
425 2153 555 2218 secundo
579 2154 656 2242 libro
679 2157 752 2234 περὶ
768 2151 964 2236 φιλοσοφίας
979 2152 1178 2232 difficultates,

167 2267 276 2352 quibus
306 2267 437 2329 Platonis
468 2267 603 2330 doctrina
632 2266 668 2330 de
698 2267 844 2331 idealibus
874 2270 1002 2333 numeris
1031 2269 1181 2354 implicata

166 2379 270 2454 fuerit,
303 2382 454 2465 expositas
483 2403 546 2444 esse
576 2380 706 2446 disertim
736 2395 861 2446 enarret.
913 2383 1013 2469 Atque
1043 2384 1079 2447 de
1105 2385 1180 2448 ideis

103 2535 107 2541 ·
166 2517 237 2560 sone
260 2493 313 2558 Ar.
338 2493 373 2558 ἐν
395 2503 461 2568 τοῖς
490 2494 597 2572 λόγοις
625 2492 822 2575 ἐξωτερικοῖς
849 2496 1015 2584 disputasse
1037 2501 1102 2587 ipse
1125 2499 1178 2564 Ar.

167 2623 256 2674 testes
279 2622 326 2674 est
349 2607 448 2676 10762
466 2609 509 2674 28
531 2605 750 2694 τεθρύλλρκαι
770 2607 832 2697 γὰρ
855 2607 894 2675 καὶ
918 2607 1026 2676 πολλοὶ
1045 2606 1178 2700 soldrad
1238 2651 1242 2656 -

166 2725 231 2790 τῶν
245 2723 441 2810 ἐξωτερικῶν
455 2723 570 2804 λόγων.
594 2726 655 2790 Nec
672 2726 781 2801 obstat,
800 2727 882 2813 quod
898 2726 1031 2792 Alex.'in
1047 2728 1124 2793 libro
1136 2733 1179 2792 A.

151 2840 343 2922 explicando
366 2837 433 2902 libri
450 2840 483 2902 lll
508 2837 543 2900 de
567 2840 755 2925 philosophia
773 2841 882 2904 nullmn
903 2845 1046 2905 rationem
1063 2843 1178 2920 hahuit,

168 2952 406 3038 quandoquidem
430 2954 488 3016 illic
512 2975 571 3017 non
592 2957 694 3019 stricta
711 2954 934 3030 demonstratio,
958 2957 1010 3019 sed
1026 2958 1179 3044 populeris

166 3071 298 3132 suavitas
321 3069 520 3153 praevaluisse
541 3069 669 3134 videtur.
705 3069 806 3153 Quid?
830 3069 911 3157 quod
933 3071 979 3134 vel
998 3071 1177 3158 Simplicius,

168 3204 254 3266 quem
278 3185 375 3248 locum
392 3183 472 3248 illum
490 3208 528 3250 ex
543 3185 627 3252 libris
643 3190 716 3267 περὶ
731 3185 928 3271 φιλοσοφίας
943 3191 1179 3275 transscripsisse

168 3293 311 3368 vidimus,
340 3298 440 3380 paullo
471 3312 538 3361 ante
568 3301 644 3364 dixit
672 3300 923 3367 schot.475213
953 3302 1022 3368 duel
1049 3302 1097 3369 ὄιι
1119 3305 1180 3370 etot

30 3431 34 3439 ·
167 3411 245 3470 θεοὶ
271 3402 397 3472 αῑοίκιοι
424 3414 531 3492 νοεροὶ
559 3409 595 3472 ἐκ
623 3413 666 3498 τῷ
695 3410 725 3497 η’
746 3414 800 3500 τῆς
823 3417 962 3502 Φυσικῆς
979 3411 1180 3504 Ἀκροάσεως

168 3519 298 3598 ἔδειξε
319 3527 375 3584 καὶ
396 3521 432 3590 ἓν
454 3531 520 3598 σοῖς
536 3521 631 3588 Μετὰ
655 3522 695 3590 nd
713 3530 842 3612 φυσικοί.
876 3532 1073 3600 Nihilominus
1092 3536 1179 3620 quid·

43 3666 49 3673 ·
168 3659 256 3725 quem
279 3640 351 3702 certi
376 3638 411 3702 dc
435 3638 491 3702 hac
513 3662 544 3703 re
568 3651 698 3708 statuere
721 3644 800 3719 nolo,
827 3648 896 3730 quia
918 3646 965 3710 illa
989 3670 1073 3725 sane,
1102 3671 1178 3738 quae

168 3752 314 3838 Syrianus
338 3753 409 3818 alias
432 3776 469 3818 ex
491 3754 577 3820 libris
601 3761 675 3841 περὶ
696 3757 893 3844 φιλοσοφίας
909 3755 982 3840 (vid.
999 3762 1108 3828 Brand.
1125 3765 1176 3829 1.1.

168 3885 198 3949 p.
214 3865 271 3948 44)
295 3868 406 3945 laudat,
431 3891 610 3957 magnopere
633 3874 816 3938 concordant
838 3897 904 3938 cum
928 3878 978 3951 iis,
1003 3898 1078 3962 quae
1101 3878 1177 3944 Sim-

166 3978 284 4064 plie'fls,
308 3983 501 4062 Themistius,
524 3970 710 4073 Philoponus
733 3990 771 4054 ad
787 3991 840 4054 Ar.
862 3989 898 4056 de
921 4013 968 4056 au.
985 3998 1029 4056 A.
1052 4015 1076 4058 c.
1093 3995 1117 4059 ll
1130 3995 1178 4062 vel
