2962 4770
690 365 796 430 bd·

633 450 788 464 Ἣ

212 549 241 610 in
276 565 330 610 sua
358 539 531 630 apograpb'a
561 545 758 629 conJ'ecernut.
801 539 1023 608 Enarsi'rero'
1048 542 1148 608 studio
1163 543 1219 608 'rei
1250 612 1255 620 ,

209 659 248 726 'ad
271 654 402 724 lucidum
426 657 646 744 perducendae,
668 679 743 720 ‘curn
774 656 982 744 intelligerem
1006 658 1130 723 multum
1157 657 1219 722 sru-

210 788 275 840 ctus
304 775 373 839 binc
401 772 437 838 ad
468 777 655 860 quaestiones
685 771 720 836 de
749 767 824 837 serie
853 773 958 836 horum
982 772 1125 837 librorum
1149 772 1220 836 diri·
1320 763 1323 780 '

210 889 330 955 mendas
363 888 596 979 redundaturum
633 910 704 952 esse.
750 886 812 952 Scd
846 909 912 952 cnm
941 887 1090 952 subtilitas
1118 889 1217 952 critica

94 1027 112 1054 ·
211 1005 300 1089 hujus
331 1007 433 1070 aetatis
461 1025 571 1068 meram
605 1003 753 1067 fictionem
784 1022 897 1066 summo
927 1005 991 1067 iure
1019 1001 1102 1066 nihili
1132 1004 1219 1066 aesti·
1307 998 1311 1004 ’

135 1157 137 1160 -
209 1132 281 1196 met,
323 1123 386 1206 ipse
419 1119 553 1206 singulos
586 1118 669 1182 locos
705 1128 906 1202 perscrutatus
943 1116 1077 1181 subsidia
1117 1119 1218 1180 critica

211 1255 329 1320 quoqne
358 1238 467 1321 passim
493 1234 561 1297 huic
584 1235 626 1297 rei
650 1253 821 1297 succurrere
844 1231 984 1296 intellexi.
1019 1231 1154 1318 Namque
1177 1231 1219 1294 la·

210 1369 300 1412 cunas
323 1350 387 1413 illas
411 1348 477 1413 cod.
495 1348 536 1413 Ab
551 1361 580 1413 et
596 1347 681 1413 Alex.
707 1333 883 1412 communes*
900 1347 955 1410 bac
974 1349 1090 1410 ratione
1108 1348 1216 1431 optimc

208 1464 462 1550 eriplicarisupra
481 1464 542 1549 jam
567 1463 803 1550 significavimus.
828 1461 997 1556 iAcccduut
1020 1462 1067 1525 alii
1091 1461 1162 1539 luci,
1187 1465 1218 1524 in

172 1578 180 1584 ’
208 1577 316 1662 quibus
345 1580 436 1644 altera
465 1577 551 1643 codd.
573 1576 681 1642 lamilia
706 1577 795 1640 verba
827 1587 855 1640 et
878 1579 907 1638 iu
931 1580 1061 1662 margine
1085 1589 1217 1641 correcta

209 1701 239 1753 et
261 1691 397 1767 delenda,
427 1693 516 1755 altera
540 1705 670 1755 correcta
692 1702 806 1754 tautum
831 1689 961 1753 exbibet.
999 1690 1086 1753 Nunc
1100 1703 1215 1766 autem,

207 1806 298 1867 misso
329 1808 408 1868 omni
438 1807 526 1868 animi
555 1803 685 1881 fervore,
716 1807 842 1891 primurn
873 1807 1089 1879 examinemus,
1117 1806 1216 1890 siqui

127 1938 137 1956 ³
207 1919 265 1984 loci
289 1921 520 2006 transpositione
543 1923 640 1984 sanari
664 1922 788 2006 possint,
814 1918 927 1995 deinde,
952 1921 977 1982 si
1001 1940 1061 2005 quo
1078 1919 1144 1982 loeo
1162 1917 1216 1982 du·

207 2035 276 2119 plex
299 2038 431 2100 recensio
455 2038 527 2110 sive,
550 2046 585 2098 ut
608 2037 773 2100 accuratius
798 2031 901 2118 dicam,
928 2047 957 2098 et
972 2033 1062 2097 verba
1086 2035 1115 2096 in
1139 2055 1223 2097 mar-s

117 2163 135 2190 ⁸
206 2151 273 2234 gine
304 2149 415 2235 adjecta
445 2163 475 2215 et
496 2149 587 2216 verba
617 2152 766 2236 imprimo
797 2161 883 2212 textu
912 2150 1009 2232 posita
1033 2158 1149 2211 exstare
1171 2150 1216 2209 vi·-

207 2261 340 2326 deantur.

541 2599 879 2695 Transposite'oncs.

274 2833 417 2898 acilas.
442 2835 514 2896 area
538 2833 574 2894 aa
595 2841 693 2907 stass,
719 2839 754 2896 ο
773 2815 931 2916 cnosson
953 2838 1007 2896 ..aa
1022 2849 1078 2886 ..a
1095 2833 1135 2898 ro
1159 2834 1213 2897 ts-

206 2965 325 3024 γονοες.
359 2947 485 3012 Multum
510 2947 645 3034 equidem
669 2946 715 3010 bis
731 2947 829 3012 verbis
851 2950 979 3034 agitatus
1003 2946 1118 3024 dubito,
1142 2969 1212 3012 uum

206 3060 354 3147 probabili
383 3061 473 3127 modo
504 3063 645 3149 explicari
675 3063 801 3148 possint.
846 3061 877 3129 lu
906 3064 990 3125 initio
1020 3066 1096 3126 enirn
1123 3063 1212 3147 hujus

205 3179 309 3261 eapitis
337 3179 458 3263 legimus
490 3190 519 3243 et
547 3177 584 3241 ab
614 3176 783 3242 bominibus
810 3177 1011 3263 sophistarum
1035 3175 1140 3242 fraude
1163 3176 1213 3241 de·

205 3291 296 3372 ceptis
319 3303 348 3352 at
376 3313 392 3354 a
415 3293 556 3377 sophistis
580 3290 731 3356 dicacibus
754 3295 826 3376 ipsis
850 3289 934 3369 (cciv
954 3294 1056 3356 ταῦτα
1080 3309 1211 3356 menaeu-

202 3402 309 3483 penae
335 3407 390 3464 xci
418 3403 482 3468 cciv
510 3400 585 3476 corle
613 3403 727 3484 λόγους
754 3391 885 3478 τούτους
914 3400 1017 3489 μόνον
1039 3405 1210 3486 λεγόντων)

202 3520 314 3607 quaeri,
339 3521 472 3605 quisnam
495 3539 598 3582 sanum
623 3533 651 3583 et
673 3534 826 3607 aegrotum
851 3519 1022 3608 distinguat.
1059 3520 1124 3584 lam
1149 3541 1209 3606 quo

147 3715 149 3722 y
202 3630 291 3698 modo
314 3647 420 3721 postca
443 3627 531 3698 οὗτοι
552 3636 612 3716 μὲν
633 3631 676 3711 (v.
696 3633 749 3716 13)
773 3638 812 3700 ita
838 3635 874 3700 ad
899 3636 1006 3701 alteros
1023 3635 1125 3700 referri
1139 3657 1210 3722 pus·

202 3751 270 3824 siut,
294 3762 329 3814 ut
351 3751 450 3814 alteris
474 3761 673 3836 opponantur,
698 3750 833 3836 equidem
856 3772 1040 3838 concoquere
1064 3771 1123 3814 nou
1139 3771 1209 3837 pos·

204 3881 283 3926 sum:
321 3878 433 3931 tantam
472 3865 638 3930 socordiam
660 3875 710 3928 'ue
743 3866 814 3928 mibi
847 3867 966 3951 quidem
1001 3865 1207 3942 condonarem,

978 3975 996 4030 5
