2910 4778
696 345 856 447 A

275 529 311 594 ab
336 525 508 594 Alexandro
537 527 683 614 praelatae
715 521 840 607 cessit¹).
881 527 934 592 His
962 530 1114 614 igiturex
1137 531 1210 598 locis
1233 555 1285 598 cc·

275 644 353 710 dices
375 656 493 708 nostroe
517 665 554 707 ex
577 655 662 708 textu
679 642 842 707 Alexandri
863 656 957 708 aetate
975 646 1118 731 vulgato,
1144 647 1284 714 adhibitis

274 763 367 848 ipsius
391 761 614 837 commentariis,
640 758 797 846 prodiisse,
822 760 920 846 aliquo
946 773 1023 828 certe
1046 784 1113 827 cum
1132 764 1200 848 jure
1224 765 1285 828 col·

273 877 387 964 legeris.
435 875 477 972 At
505 879 633 962 primurn
663 875 794 941 dubitari
820 898 887 940 nou
916 889 1029 962 potest,
1066 882 1137 965 quin
1167 879 1283 946 codices

273 996 367 1062 nostri
391 1013 449 1056 nou
475 1015 512 1056 ex
533 992 589 1056 alio
612 993 731 1080 quoque
755 992 836 1057 fonte
859 992 1007 1058 fluxerint.
1047 993 1130 1060 Hanc
1153 1018 1213 1061 rem
1238 1019 1282 1074 ea,

274 1132 349 1199 quae
374 1107 410 1174 ab
435 1107 606 1172 Alexandro
630 1110 753 1186 omissa,
778 1131 795 1171 a
819 1108 971 1172 codicibus
994 1123 1091 1175 autern
1115 1124 1167 1176 aut
1190 1115 1283 1176 omui·

273 1227 330 1292 bus
360 1238 412 1290 aut
435 1213 586 1312 'plerisque
616 1223 716 1288 addita
747 1245 810 1288 esse
833 1246 886 1288 uec
909 1227 1129 1312 interpolatoris
1154 1227 1205 1292 sed
1230 1228 1281 1294 Ar.
1384 1218 1392 1233 '

273 1346 369 1429 ipsius
389 1344 538 1428 ingenium
560 1354 590 1405 et
614 1341 770 1406 dictionem
791 1362 862 1427 prae
882 1363 914 1406 se
935 1340 1010 1405 lcrre
1033 1365 1123 1428 supra
1143 1347 1283 1430 exposui·

275 1481 355 1535 mus,
385 1457 540 1541 manifesto
570 1469 725 1520 testantur.
771 1455 892 1520 Praeter
918 1460 990 1522 istas
1018 1458 1137 1524 lacunas
1165 1461 1184 1520 ii
1212 1461 1277 1532 loci,

276 1575 328 1640 ubi
345 1573 515 1638 Alexander
539 1571 640 1636 salsam
662 1572 899 1660 implicatumque
919 1575 1072 1640 lectionem
1091 1587 1208 1639 secutus
1224 1585 1277 1650 est,
1391 1641 1393 1646 ,
1434 1649 1435 1664 ¹

275 1693 371 1757 nostri
401 1702 497 1754 autem
526 1688 641 1754 codices
674 1689 828 1758 lectionem
860 1693 901 1755 ita
931 1713 1028 1756 veram
1057 1704 1086 1755 et
1112 1691 1278 1776 genuinam,

275 1819 309 1870 ut
336 1806 534 1889 conjecturam
565 1805 646 1874 nullo
673 1804 762 1869 modo
790 1804 937 1884 redoleat,
967 1793 1136 1894 praebent(
1154 1807 1282 1868 incen-

129 2003 133 2010 .
203 2009 209 2018 ¹
275 1944 339 1987 sum
362 1919 489 1984 vocandi
513 1933 590 1984 sunt.
628 1919 678 1984 Sic
693 1920 863 1988 Alexander
886 1922 924 1986 ad
944 1920 1074 1988 10331‘6
1099 1917 1137 1986 od
1160 1922 1282 2000 »γίγνε-

274 2062 342 2115 aaa,
373 2033 444 2104 οὐδ’
467 2033 552 2101 ἔστιν
580 2031 680 2102 αὐτοῦ
708 2038 841 2116 γένεσις,
880 2034 956 2102 οὐδὲ
984 2032 1019 2100 τὰ
1048 2039 1080 2099 ci
1106 2030 1147 2122 ἤν
1169 2037 1274 2101 εἶναι*

274 2179 333 2222 nou
362 2175 484 2241 pravam
512 2153 750 2241 implicatamque
779 2146 1006 2241 explicationem
1033 2153 1223 2230 exsudasset‚
1252 2156 1282 2217 ni

273 2275 304 2337 in
334 2273 396 2356 ejus
431 2282 516 2335 textu
546 2269 638 2334 verba
668 2263 769 2334 aaran
796 2272 918 2349 γένεσις
953 2269 1139 2334 excidissent.
1186 2267 1280 2332 Porro

277 2385 414 2452 107828
437 2384 524 2449 codd.
548 2361 648 2451 omues
675 2385 830 2450 lectionem
856 2387 942 2450 unice
965 2407 1079 2463 veram,
1111 2407 1198 2473 quam
1222 2407 1282 2448 nou

275 2504 446 2587 conjectura
471 2503 567 2567 fictam
596 2523 659 2566 essa
686 2501 819 2580 conlido,
849 2501 993 2588 praebent
1018 2495 1038 2590 ᾗ
1065 2498 1149 2586 μήκη
1169 2497 1282 2586 μόνον,
1336 2497 1345 2510 ’

274 2619 445 2686 Alexander
472 2620 502 2680 in
530 2619 624 2703 ipsius
652 2616 792 2691 lectione,
828 2615 942 2680 scribae
971 2636 1070 2681 errore
1099 2631 1180 2696 orta,
1217 2613 1281 2703 »μὴ

273 2730 484 2815 κινούμενον
519 2729 697 2818 explicanda
726 2735 842 2818 egregie
869 2744 1008 2816 nugatur.
1048 2733 1126 2799 ldern
1151 2734 1229 2799 cadit
1252 2736 1281 2797 in

273 2851 353 2915 hune
376 2849 473 2914 locum
499 2845 598 2914 1083a
617 2845 657 2912 13
689 2843 727 2934 »ἢ
751 2847 788 2913 δὲ
809 2845 1012 2926 coronaria«
1041 2849 1094 2915 ubi
1114 2849 1283 2916 Alexander

482 3052 499 3081 0

280 3151 282 3158 ·
333 3123 351 3190 ¹)
375 3121 509 3176 Praeterea
527 3137 558 3173 ex
574 3121 615 3184 iis,
635 3135 699 3189 quae
712 3119 741 3172 ab
755 3117 909 3187 Alexandro,
930 3131 1052 3194 qnantum
1066 3120 1164 3188 exejus
1179 3117 1279 3171 silentio

275 3220 399 3289 conjicere
420 3219 507 3282 liceat,
533 3219 641 3282 omissa,
666 3235 681 3270 a
704 3217 833 3272 codicibus
854 3229 937 3274 antem
956 3219 1041 3274 addita
1059 3225 1133 3282 sunt,
1157 3212 1281 3268 nonnulle

273 3315 432 3370 manifestam
451 3315 642 3386 interpolatoris
660 3333 762 3370 manum
781 3316 907 3388 produnt:
925 3318 962 3370 sic
977 3315 1044 3371 ,989δ
1059 3315 1093 3371 20
1112 3315 1142 3369 ab
1162 3313 1281 3368 omnibns

275 3414 404 3468 codicibus
421 3415 505 3468 verbis
524 3419 592 3474 ιτοῖς
609 3416 798 3492 φαινομένοιςι
817 3415 930 3469 additum
946 3425 990 3494 est
1002 3402 1057 3482 riv,
1077 3414 1146 3486 quod
1160 3431 1193 3466 ex
1205 3424 1282 3482 prava

200 3507 202 3516 ’
273 3513 480 3584 interpretatione
500 3528 530 3565 eo
550 3511 657 3564 consilio
677 3514 805 3565 intrusum
824 3521 875 3577 est,
895 3522 925 3567 ut
942 3512 1100 3582 praecedenti
1118 3507 1224 3578 ὕστερον
1241 3520 1282 3557 rc-

274 3609 425 3679 spouderet3
445 3625 490 3661 nec
509 3607 617 3660 multum
638 3608 723 3662 differt
741 3605 805 3662 98812
820 3607 855 3663 26
874 3609 918 3662 ubi
935 3608 996 3659 υκαὶ
1009 3605 1140 3678 coeptis·
1160 3600 1281 3656 acodici-

274 3705 322 3760 bus
343 3704 479 3770 adduntur,
500 3723 554 3758 cum
574 3706 707 3777 imperitus
726 3705 819 3776 aliquis
839 3709 984 3758 consuetam
1003 3699 1175 3774 generationis
1189 3707 1214 3752 et
1226 3716 1282 3753 cor·

274 3806 401 3873 ruptionis
426 3803 571 3856 societatem
590 3802 640 3856 hnc
659 3819 763 3874 qnoque
781 3803 904 3864 traheret,
929 3798 971 3851 ubi
990 3817 1022 3854 ne
1041 3806 1097 3868 apte
1117 3795 1218 3866 quidem
1237 3795 1281 3851 Ar.

275 3899 306 3953 de
325 3903 487 3970 corruptione
505 3899 662 3972 loqueretur.
880 3880 881 3883 Ἰ
