2910 4778
174 583 254 647 tum,
284 568 354 657 quia
377 567 549 632 Brandisius
576 567 606 629 in
630 578 715 629 textu
739 563 944 630 constituendo
969 563 1035 630 cod.
1059 561 1101 628 Ab
1131 562 1185 628 du-

174 709 235 752 cem
259 685 317 750 sibi
341 685 441 770 elegit,
467 683 621 748 Bonitzius
644 693 740 746 autem
766 683 971 746 auctoritatem
994 682 1057 766 ejus
1081 677 1185 744 inirin-

174 824 244 890 gere
259 801 345 865 valde
368 798 491 864 studuit.
527 799 658 863 Alteram
677 819 748 862 vero
773 799 974 884 quaestionem
999 809 1029 862 et
1050 797 1132 862 hisce
1154 799 1185 860 iu

175 917 343 980 Aristotelis
372 915 454 980 libris
484 927 513 978 et
540 918 569 977 iu
600 913 720 1000 reliquis
749 913 809 978 lere
839 912 975 978 omnibus
986 905 1006 994 ¹)
1034 935 1068 978 co
1093 914 1185 999 magis

175 1030 335 1117 urgendam
368 1053 431 1096 esse
454 1052 576 1106 censeo,
608 1031 678 1116 quia
701 1029 770 1092 hino
792 1031 978 1112 potissimum
1001 1031 1110 1094 certior
1132 1028 1186 1090 lux

175 1145 211 1210 de
240 1159 335 1212 aetate
365 1159 394 1212 et
421 1145 553 1233 pondere
580 1146 784 1210 recensionum
816 1155 986 1209 nostrorum
1009 1142 1096 1209 codd
1122 1142 1186 1208 elici

174 1273 284 1346 potest.

234 1376 334 1464 Atque
346 1379 371 1440 si
383 1379 448 1463 quis
459 1379 490 1440 in
503 1378 672 1441 uuiversum
685 1376 910 1462 discrepantiam
926 1376 1085 1440 lectionum
1098 1372 1184 1438 codd.

176 1493 340 1556 accuratius
365 1495 537 1590 inspexerit,
561 1492 645 1558 laelle
669 1491 842 1568 adducetur,
868 1504 903 1555 ut
926 1492 1050 1576 primum
1075 1489 1186 1554 fontem

104 1631 107 1638 ¹
175 1607 251 1670 illius
276 1606 455 1672 differentiae
477 1629 537 1671 non
554 1611 584 1671 in
599 1609 821 1694 interpolatoris
839 1607 992 1691 cujusdam
1010 1627 1108 1682 manu,
1133 1603 1186 1668 aed

174 1723 205 1784 in
229 1722 352 1786 diversis
374 1725 597 1786 recensionibns
622 1722 822 1806 quaerendum
846 1743 908 1784 esse
932 1733 1057 1784 censeat.
1106 1717 1186 1802 Qua·

176 1855 241 1897 rum
264 1839 467 1900 recensionum
491 1837 582 1900 altera
605 1837 635 1898 in
659 1835 725 1899 eod.
741 1835 783 1900 Al
801 1835 886 1900 nobis
910 1847 1068 1912 reservata,
1093 1836 1186 1898 altera

174 1970 228 2034 per
250 1950 311 2013 rell.
329 1949 414 2015 codd.
431 1954 517 2015 mista
540 1951 672 2036 dispersa
696 1963 748 2015 est.
787 1951 834 2014 Ex
857 1950 1084 2037 interpolatione
1109 1951 1185 2014 enim

175 2065 430 2150 alterampartem
455 2065 541 2130 codd.
564 2065 660 2131 labem
684 2069 908 2142 pertraxisse,
934 2087 987 2130 cur
1010 2078 1183 2140 statuamus,

175 2192 204 2243 et
224 2182 376 2245 innumera
402 2181 588 2246 multitudine
611 2184 760 2245 variarum
784 2181 941 2244 lectionum
966 2200 1128 2254 monemur,
1157 2193 1186 2246 et

175 2293 220 2356 bis
250 2297 382 2378 inprimis
411 2295 578 2360 rationibus
607 2295 823 2359 confirmamur.
871 2293 904 2358 Si
934 2294 1005 2380 quid
1035 2296 1065 2358 in
1097 2294 1183 2359 codd.

175 2404 212 2468 ab
241 2406 453 2490 interpolatore
483 2422 626 2472 mutatum
655 2423 714 2485 est,
745 2410 856 2494 ubique
886 2411 1040 2474 eonsilium
1064 2410 1185 2497 aliquod

175 2517 324 2586 subfuisse
345 2520 525 2585 videbimus:
550 2525 612 2585 sive
636 2535 670 2586 ut
693 2523 852 2586 obscurum
877 2535 1045 2608 tectumque
1067 2547 1184 2592 sensum

174 2635 220 2700 vel
243 2634 343 2700 addita
367 2637 564 2722 explicatione
586 2637 633 2702 vcl
648 2636 748 2701 verbis
772 2637 913 2703 obsoletis
938 2659 1005 2704 oum
1028 2638 1186 2704 solemnio-

173 2749 256 2816 ribus
286 2754 405 2815 mutatis
426 2753 473 2816 vel
496 2765 645 2817 structura
669 2752 806 2838 expedita
831 2754 876 2818 vel
901 2754 1101 2841 qualicunque
1124 2777 1186 2820 me·

174 2865 272 2928 dicina
294 2865 453 2931 faciliorem
478 2867 689 2952 clarioremque
712 2867 857 2944 redderet,
882 2871 945 2932 sive
968 2881 1003 2932 ut
1024 2873 1184 2936 sententias

175 2981 304 3043 auctoris
332 2981 406 3044 male
435 2993 587 3067 perceptas
615 2983 644 3044 in
673 2983 767 3067 ipsius
790 2986 1061 3068 interpretationem
1084 2984 1184 3050 detor·

174 3106 285 3180 queret,
309 3098 372 3160 sive
396 3109 438 3172 ut,
464 3095 546 3182 qnod
569 3098 729 3182 pessimum
752 3097 989 3184 interpolationis
1012 3122 1106 3185 genus
1128 3113 1182 3176 est,

173 3209 265 3274 verba
288 3213 418 3276 auctoris
442 3233 507 3276 eum
531 3214 624 3296 ipsius
648 3214 788 3298 opinio-ne
811 3216 1007 3300 repugnantia
1030 3215 1104 3281 mala
1124 3215 1184 3282 fide

175 3339 385 3408 corrumperet.
423 3327 464 3390 m
487 3328 581 3412 major
603 3349 672 3412 pars
695 3330 842 3394 variarum
865 3330 1023 3394 lectionum
1047 3331 1077 3394 in
1100 3329 1184 3396 libris

174 3438 383 3524 metaphysicis
416 3442 456 3502 ita
484 3455 653 3526 comparata
683 3456 741 3519 est,
777 3457 812 3510 ut
839 3445 931 3510 ullum
962 3446 1183 3529 interpolatoris

174 3553 327 3620 consillum
365 3575 401 3618 ne
437 3543 562 3620 divinari
599 3557 716 3643 quidem
751 3561 854 3645 possit.
908 3559 968 3629 Sed
998 3559 1182 3648 singulorum

231 3817 250 3884 ¹)
273 3816 310 3872 lle
328 3816 401 3871 libris
419 3816 496 3888 ’περὶ
508 3815 640 3893 οὐρανοῦ·
652 3819 710 3874 vide
722 3822 967 3891 praestantissimum
980 3819 1103 3875 Bocclrbii
1113 3837 1139 3876 a.
1150 3817 1182 3875 cl.

170 3910 296 3980 judicium
314 3916 340 3969 in
359 3915 425 3970 libro
444 3916 506 3970 =daa
524 3914 668 3972 kosmiscbc
686 3917 855 3988 Syatemdca
874 3919 974 3976 Plato·
991 3936 1016 3989 p.
1029 3915 1153 3974 tat-81.

969 4016 1012 4069 la
