2910 4778
599 376 759 472 —r—e-

174 557 263 634 deot,
286 554 350 620 ¹sed
381 577 419 620 ex
447 555 511 619 sola
539 555 681 620 lemmatis
709 555 767 621 fide
798 556 938 642 explicari
966 569 1075 642 potest.
1122 555 1183 621 Sed

173 695 241 738 cum
270 673 346 738 hauc
374 694 433 738 rem
457 673 653 760 negligentiae
676 674 731 736 viri
756 671 969 760 diligentissimi
993 685 1022 738 et
1044 673 1183 737 tutissimi

175 790 306 855 tribuere
336 810 398 852 non
425 778 564 865 audeam,
597 791 696 853 nescio
722 811 763 852 an
782 809 820 852 ex
844 811 942 854 errore
967 789 1094 876 quodam
1119 800 1183 852 orta

177 908 224 970 sit.
272 905 409 969 Fortasse
438 907 513 969 enim
538 905 692 968 Bonitzius
723 904 783 968 sola
815 927 848 968 ea
876 904 1025 981 lemmata,
1055 925 1130 990 quaa
1153 905 1183 966 io

178 1017 275 1084 ironte
311 1020 453 1106 cujusque
483 1023 757 1084 commentariorum
792 1021 953 1105 particulae
987 1023 1084 1106 posita
1114 1021 1182 1094 sint3

177 1133 215 1199 ab
240 1135 335 1198 aliena
357 1157 446 1200 manu
471 1135 585 1212 addita,
610 1157 685 1222 quac
702 1149 798 1200 autem
815 1139 845 1199 in
862 1136 957 1200 medio
975 1139 1183 1201 commentario

178 1251 329 1333 interjecta
351 1254 424 1326 sint,
450 1251 487 1315 ab
503 1251 674 1324 Alexandro
700 1255 765 1337 ipso
789 1251 922 1337 proiecta
940 1274 1002 1316 esse
1018 1253 1183 1336 suspicatus

180 1377 231 1430 est.
266 1365 468 1442 titillantem,
493 1367 654 1432 Alexandri
672 1371 897 1432 commentarios
913 1370 1052 1432 acerrime
1067 1369 1183 1442 rimato,

177 1484 325 1566 persuasi,
360 1481 501 1546 lemmatis
536 1482 567 1546 id
602 1505 694 1569 genus
729 1505 788 1547 non
819 1488 915 1548 minus
946 1505 1033 1571 quam
1065 1482 1184 1567 reliquis

178 1618 295 1662 omnem
312 1597 399 1662 fidem
417 1596 615 1683 derogandam
633 1619 705 1662 csse.
741 1596 792 1662 Sic
806 1599 894 1662 Alex.
913 1597 964 1676 321,
983 1597 1024 1664 29
1048 1597 1184 1684 praebet:

178 1711 336 1796 γράφεται
351 1710 386 1776 ἔν
401 1727 481 1776 τισιν
497 1708 568 1774 ἀντὶ
583 1712 639 1773 τοῦ
656 1709 884 1797 μαλακώτερον
907 1713 1185 1797 ιμσρνχώτερονῑ.

180 1825 241 1890 Sed
269 1849 329 1890 non
358 1825 587 1909 μαλακώτερον
609 1825 661 1888 sad
683 1825 908 1912 μσναχώτερον
930 1829 1131 1893 Alexandrum
1154 1830 1184 1891 in

177 1951 264 2004 textu
287 1940 426 2004 hahuisse
450 1945 559 2026 optime
581 1946 733 2027 perspexit
746 1944 921 2008 'Brundisius
939 1967 976 2008 ex
991 1945 1184 2032 sequentibus

178 2053 277 2119 verbis
313 2055 364 2117 »ei
391 2053 427 2118 δὲ
454 2054 683 2141 μαλακώτερον
713 2057 815 2122 εἰπεῖν
841 2058 1004 2139 ἐβούλετο,
1033 2055 1186 2142 ἐχρήσατ’

179 2170 221 2234 ἄν
249 2170 293 2255 τῷ
322 2163 458 2253 ὀνόματι
486 2167 589 2258 αιἰνῷς
625 2172 730 2235 deinde
762 2171 896 2248 125,15
926 2172 1049 2258 legimus
1083 2167 1119 2234 cd
1151 2171 1187 2235 δὲ

186 2283 313 2363 »μεῖζον
336 2286 434 2363 ἰσχύει
455 2287 513 2350 τοῦ
535 2286 718 2367 γιγνώσκειν
741 2291 813 2370 περὶ
829 2282 936 2351 αὐτῶν
952 2282 1008 2349 deci
1024 2281 1059 2350 cd
1079 2283 1179 2360 idac«
1261 2323 1268 2336 ·

180 2397 251 2459 ἴσον
279 2395 343 2458 ἐστὶ
371 2398 414 2482 τῷ
441 2399 546 2478 μεῖζον
570 2403 670 2479 ἰσχύει
691 2402 745 2485 τῆς
767 2407 840 2486 περὶ
862 2397 945 2468 αὐτοὶ
969 2397 1128 2486 ἀληθείας
1149 2396 1185 2464 cd

112 2541 113 2548 ι
179 2507 273 2584 ἔθος·
304 2506 385 2574 κατὰ
414 2507 477 2595 γὰρ
500 2511 557 2597 τὴν
585 2506 751 2598 ἀλήθειαν
772 2513 791 2600 ἡ
814 2522 938 2595 γνῶσις.
979 2517 1038 2582 Sed
1062 2541 1100 2582 ex
1121 2520 1187 2603 ipsa

179 2629 352 2715 paraphrasi
375 2630 445 2692 satis
470 2629 541 2692 mihi
564 2630 676 2694 elucere
700 2633 831 2707 videtur,
859 2633 1062 2698 Alexandrum
1086 2635 1187 2698 lectio·

178 2765 244 2808 nem
269 2743 335 2808 cod.
352 2743 394 2806 Al
414 2743 553 2808 hahuisse
584 2744 712 2826 »μεῖζον
726 2745 829 2826 ἰσχύει
843 2748 900 2813 τοῦ
913 2746 1100 2829 γιγνώσκειν
1115 2753 1188 2833 περὶ

180 2853 285 2924 αὐτῶν
307 2854 342 2921 ad
366 2857 461 2931 tuoe:
486 2860 609 2924 Accedit
632 2865 824 2926 certissimum
849 2862 1056 2930 documentum
1083 2863 1186 2929 1014l

182 2969 234 3048 19,
260 2972 295 3037 de
320 2994 379 3059 quo
404 2972 470 3037 vide
494 2973 579 3038 inira.

246 3087 293 3151 Ex
321 3089 385 3152 solo
415 3091 506 3175 igitur
535 3094 743 3155 commentario
773 3094 874 3169 lectio,
905 3115 992 3180 quam
1017 3095 1187 3160 Alexander

180 3215 298 3284 secutus
331 3206 382 3280 sit,
419 3205 484 3268 elici
518 3205 613 3270 debet.
660 3207 741 3290 Quae
771 3232 837 3274 cura
867 3209 1034 3276 difficillima
1061 3233 1108 3274 res
1137 3214 1184 3288 sit,

182 3316 279 3401 aliqua
310 3331 386 3382 certe
416 3342 454 3382 ex
483 3333 565 3404 parte
594 3323 689 3408 ampla
713 3327 860 3388 variarum
890 3326 1047 3391 lectionum
1077 3339 1184 3413 segete,
1291 3403 1305 3412 ·

180 3453 220 3494 cx
248 3430 401 3496 codicibus
431 3446 630 3513 cometarum,
660 3437 843 3523 adjuvamur.
884 3439 958 3503 Nam
985 3443 1014 3503 in
1039 3435 1186 3529 plerisque

180 3546 251 3611 locis
277 3546 307 3610 id
333 3548 430 3612 solum
453 3550 515 3614 erui
540 3564 651 3636 potest,
682 3567 780 3619 utrum
803 3555 975 3622 Alexander
997 3579 1061 3622 oum
1085 3557 1186 3623 lectio·

180 3662 267 3728 nibus
297 3687 314 3728 a
343 3664 496 3731 codicibus
527 3667 643 3733 traditis
671 3675 834 3758 conspiret,
865 3686 895 3738 et
923 3677 947 3737 si
969 3675 1057 3739 lectio
1080 3677 1184 3749 variat,

179 3781 239 3844 utri
267 3780 378 3860 faveat3
414 3785 478 3869 ipsa
507 3797 604 3850 autem
634 3787 740 3864 verba,
772 3811 847 3876 quae
875 3792 905 3852 in
933 3802 1019 3855 textu
1048 3788 1187 3854 habuerit

180 3899 272 3982 magis
295 3901 433 3985 augurari
459 3921 546 3987 quam
570 3883 835 3987 perspicere'lieet.
870 3905 919 3968 llla
939 3925 1010 3968 vero
1034 3905 1063 3969 in
1086 3927 1119 3970 re
1142 3909 1185 3970 in·
