2962 4770
707 378 867 476 Α
1000 343 1004 349 ,

281 561 462 648 intelligitur,
487 580 540 624 cur
554 550 608 624 Aa.
631 557 715 622 alteri
738 559 816 644 parti
839 570 910 644 post
932 559 1054 643 primaru
1078 557 1295 622 institutionem

281 679 463 763 compositae
479 675 568 762 eap.l
584 674 703 739 librili.
719 676 933 761 praeposuerit.
966 672 1027 738 Sed
1043 675 1068 738 si
1084 674 1122 738 ex
1137 675 1293 752 sententia,

282 792 321 858 ob
338 791 476 856 omnibus
492 791 551 856 iere
568 799 697 878 accepta,
719 790 812 872 libros
824 792 1038 856 Λ.Β.Γ.Ε.Ζ.
1046 793 1089 854 Η.
1097 791 1136 854 Θ.
1152 792 1296 856 contiuua
1367 805 1372 816 ’

282 911 311 972 ἰο
335 910 464 973 seriose
488 911 623 995 excipere
646 910 813 983 statuimus,
841 909 969 994 perspici
992 929 1052 972 ooo
1077 919 1191 994 potest,
1222 905 1296 994 quid

282 1025 340 1089 hoc
370 1038 475 1111 caput,
506 1028 537 1087 in
566 1024 660 1088 media
691 1021 891 1110 disputatione
916 1023 1115 1108 interjectum,
1146 1023 1294 1087 hocloco

282 1140 340 1206 sibi
363 1141 443 1205 velit.
479 1139 553 1205 Cum
577 1143 607 1204 in
631 1139 714 1204 libris
730 1140 951 1214 Ζ.Ε.Ζ,Η.Θ.
974 1163 1021 1204 res
1042 1142 1182 1204 immotae
1206 1151 1295 1226 atque

269 1269 418 1321 'aeternae
441 1259 470 1320 iu
494 1259 620 1321 transitu
642 1268 757 1320 tautum
773 1257 966 1342 attingantur,
992 1268 1114 1342 totaque
1131 1254 1296 1341 disputatio

227 1351 234 1358 β
282 1376 383 1459 generi
410 1373 512 1458 hujus
530 1372 701 1459 discipliuae
731 1374 794 1436 sive
817 1371 860 1458 τῷ
883 1366 953 1436 ὅντι
976 1364 996 1460 ᾗ
1018 1372 1056 1435 ὃν
1078 1371 1218 1456 adjuncta
1241 1374 1297 1436 sit:

284 1509 337 1552 cur
360 1489 432 1552 haec
462 1488 585 1551 molesta
613 1499 703 1573 atque
732 1490 902 1572 importuna
931 1487 1132 1573 interruptio?
1164 1487 1299 1552 curbae

284 1602 443 1689 ambages?
468 1624 521 1668 cur
536 1625 596 1666 oon
613 1605 710 1667 statim
726 1601 794 1666 libri
809 1607 846 1665 Ε.
863 1625 887 1668 c.
904 1602 1012 1667 ll-lV
1022 1603 1156 1666 Z.Hm.
1172 1601 1248 1667 libro
1263 1606 1298 1679 13

283 1723 313 1784 io
344 1741 403 1808 quo
433 1719 506 1784 illud
529 1742 623 1806 genus
647 1715 832 1806 exploratum
856 1719 927 1795 suit,
959 1719 1202 1806 agglutinantur?
1241 1717 1296 1784 Sin

284 1849 382 1900 autem
411 1848 546 1900 nostrum
570 1849 661 1922 caput
682 1835 720 1899 ad
744 1834 899 1900 discidium
922 1833 994 1899 illud
1019 1837 1095 1900 iuter
1116 1837 1229 1920 primae
1250 1837 1297 1898 in·
1358 1903 1362 1912 ¹

285 1953 447 2015 stitutionis
476 1951 569 2015 libros
599 1955 647 2014 M.
666 1956 706 2014 N.
722 1955 765 2014 A.
793 1965 822 2015 et
839 1951 925 2044 'hanc
956 1954 1152 2037 posteriorem
1181 1964 1295 2038 partem

283 2069 450 2132 Ζ.Η.Θ.Ι.
470 2067 672 2142 retulerimus,
702 2067 799 2128 omnia
822 2065 910 2152 plana
934 2078 963 2130 et
985 2079 1087 2152 aperta
1110 2081 1188 2132 sunt.
1234 2066 1296 2132 Sed

286 2184 388 2271 eodem
412 2183 501 2249 ruodo
526 2185 573 2247 hic
597 2205 694 2247 novus
715 2193 860 2247 tractatus
876 2203 942 2246 cum
959 2185 1097 2278 extremis
1113 2183 1205 2260 libris,
1229 2183 1294 2270 qui-

285 2298 342 2362 bus
365 2313 399 2363 ut
421 2277 663 2385 praeponeretur,
689 2297 853 2362 destinatus
877 2310 954 2374 erat,
980 2299 1205 2385 conjungendus
1229 2297 1294 2364 luit.

174 2417 189 2438 '¹
283 2413 385 2501 Atque
408 2414 466 2479 hoc
482 2415 631 2480 vinculum
655 2417 731 2478 ioest
753 2416 783 2477 in
799 2415 883 2478 initio
900 2413 1029 2479 libriM.
1049 2413 1147 2480 10762
1161 2414 1192 2480 8.
1213 2417 1299 2498 Περὶ

284 2533 345 2613 μὲν
367 2526 426 2595 οὖν
448 2531 502 2616 τῆς
523 2531 588 2597 τῶν
609 2529 776 2616 αἰσθητῶν
798 2526 909 2604 οὐσίας-
931 2532 1053 2625 εἴρηται
1075 2533 1121 2602 τίς
1144 2529 1236 2605 dotem
1258 2528 1297 2595 dv

284 2649 344 2730 μὲν
365 2651 402 2736 τῇ
424 2647 559 2732 μεθόδῳ
582 2647 619 2736 τῇ
641 2646 704 2710 τῶν
720 2646 863 2728 φυσικῶν
882 2649 955 2730 περὶ
977 2646 1031 2730 τῆς
1052 2644 1139 2731 ὕλης,
1161 2645 1295 2728 ὕστερον

286 2759 323 2823 δὲ
345 2760 493 2846 περὶτῆς
516 2757 588 2824 κατ’
604 2759 776 2845 ἐνέργειαν.
821 2761 962 2826 Extrema
992 2765 1068 2827 enirn
1091 2760 1177 2826 verba
1198 2756 1290 2822 aiore-

285 2897 344 2962 ρον
362 2916 397 2930 -
417 2874 580 2963 ἐνέργειαν
602 2902 660 2943 oon
690 2882 746 2942 nisi
776 2878 813 2943 ad
843 2877 898 2942 hos
927 2878 1021 2943 libros
1053 2893 1140 2966 atque
1162 2877 1293 2963 inprimis

286 2993 322 3056 ad
345 2992 438 3058 libros
454 2997 490 3056 Z.
499 2997 541 3057 H.
556 2993 659 3059 referri
682 2995 801 3086 debgot.
836 2993 992 3058 Bonitzius
1016 2994 1134 3081 quidem
1158 3016 1192 3058 eo
1214 2992 1297 3056 incli-

285 3122 365 3185 nat‚·
381 3123 415 3174 ut
438 3110 511 3175 haec
533 3111 626 3176 verba
650 3133 715 3174 curn
740 3109 826 3173 Alex.
851 3108 890 3172 ad
913 3122 1025 3195 partem
1050 3109 1197 3198 quandam
1220 3109 1292 3196 phy·

286 3227 363 3291 sicae
391 3226 615 3290 auscultationis
643 3225 760 3292 referat.
807 3225 849 3290 Ac
876 3227 900 3288 si
923 3229 1156 3312 respexerimus,
1187 3225 1297 3312 quibus
1360 3311 1363 3319 1

249 3333 253 3341 “
286 3339 358 3403 locis
381 3341 542 3427 particulae
565 3342 621 3408 sibi
637 3341 851 3428 respondentes
865 3344 926 3425 μὲν
940 3377 984 3390 -·
1001 3344 1037 3409 ds
1051 3344 1213 3408 collocatae
1228 3345 1296 3417 slot,

286 3471 408 3543 apparet
442 3462 635 3544 posteriorem
664 3472 777 3546 partem
805 3481 865 3523 oon
893 3465 971 3545 parti
1002 3461 1211 3547 physicorum,
1245 3454 1298 3522 sed

286 3576 406 3638 omnino
435 3573 567 3670 physicis
596 3576 678 3640 libris
707 3578 875 3662 oppositam
905 3597 977 3641 esse.
1028 3575 1171 3642 Conferre
1198 3585 1296 3639 autem

281 3689 402 3774 juvabit
436 3693 479 3753 H.
512 3715 536 3756 c.
560 3691 585 3754 ll
620 3688 789 3756 1042540
824 3691 892 3754 ἐπεὶ
926 3688 956 3755 d'
987 3687 1005 3775 ἢ
1039 3693 1099 3773 μὲν
1134 3685 1178 3766 ὥς
1213 3683 1298 3754 ὕπο-

285 3808 411 3890 κειμένη
446 3811 500 3870 καὶ
536 3799 579 3880 οἷς
613 3799 673 3891 ὕλη
708 3802 802 3869 οὐσία
829 3804 1046 3890 ὁμολογεῖται,
1083 3802 1201 3870 λοιπὸν
1228 3802 1303 3892 τηνΙ

286 3917 328 3996 ὡς
359 3921 568 4006 ἐνέργειαν
603 3918 745 3988 οὐσίαν
777 3925 856 3987 τῶν
889 3920 1093 4004 αἰσθητῶν
1121 3920 1225 3988 εἰπεῖν
1252 3922 1299 3994 τίς
