2962 4770
619 333 799 468 Ε..

193 555 249 622 alia
282 564 479 638 praeteream,
515 551 653 615 irritaene
682 551 871 634 quaestiones
900 546 1032 616 summae
1061 556 1091 616 in
1122 553 1141 616 l.
1165 557 1201 618 K.

193 692 217 734 e.
232 670 255 732 1.
268 682 297 732 et
310 668 334 730 ll
356 678 453 730 motae
476 665 566 730 sunt?
590 664 648 730 Ubi
665 663 847 750 disceptatur
864 664 899 728 de
916 665 999 740 ideis,
1026 667 1062 732 de
1079 670 1201 732 notione

191 781 394 858 substantiali,
425 779 461 852 de
485 784 630 856 numeris,
660 780 697 845 de
721 781 991 866 magnitudinibus,
1017 781 1053 846 de
1076 785 1199 860 unitate,
1296 805 1304 822 ¹

193 897 277 962 aliis?
300 895 374 960 Nam
397 896 506 962 solutio
527 896 636 988 harum
661 897 866 982 quaestionum
890 917 950 959 non
967 899 998 958 in
1013 897 1201 982 praecedenti

192 1011 268 1080 libro
284 1017 327 1076 A.
351 1010 517 1098 quaerenda
548 1023 607 1088 est,
637 1011 690 1077 sed
718 1013 747 1074 in
777 1008 968 1097 subsequenti
999 1011 1200 1098 disputatione
1246 1073 1247 1076 ,

106 1139 111 1150 ’
193 1125 377 1212 explananda
400 1125 466 1190 luit.
505 1125 632 1210 Rejeetis
656 1129 747 1212 igitur
769 1126 816 1191 his
839 1128 990 1190 sententiis
1014 1129 1079 1211 ipse
1101 1129 1200 1192 statim
1259 1123 1266 1222 γ’

192 1244 222 1308 in
245 1241 329 1304 aliam
353 1241 454 1308 incidi.
488 1240 602 1304 Etenim
621 1243 684 1324 jam
708 1254 792 1305 antea
816 1240 888 1304 mihi
909 1253 1097 1307 enotaveram
1114 1245 1201 1340 trium

191 1355 336 1422 librorum
367 1355 425 1420 »de
448 1355 551 1420 hono«
581 1358 609 1419 in
635 1356 770 1441 catalogo
793 1354 828 1420 D.
846 1355 879 1418 L.
904 1359 1118 1422 recensitorum
1142 1355 1202 1422 duo
1250 1350 1256 1354 ’

192 1482 305 1538 tantum
329 1470 421 1536 libros
444 1493 464 1534 a
486 1470 635 1536 veteribus
659 1470 940 1540 commentatoribus
965 1469 1088 1537 laudari.
1127 1471 1203 1537 Hine

192 1585 305 1667 conjeci
322 1606 339 1647 a
355 1597 452 1648 vetere
470 1585 599 1670 quodam
614 1587 805 1670 grammatico
822 1583 941 1648 duobus
957 1585 1040 1650 libris
1058 1585 1093 1650 de
1110 1585 1201 1663 bono,

193 1699 223 1760 in
253 1697 361 1782 quihus
392 1697 527 1763 doctrina
550 1699 683 1762 Platonis
712 1697 748 1762 de
772 1700 892 1764 summis
916 1700 1069 1784 principiis
1094 1701 1202 1764 tradita

192 1810 296 1888 luerit,
320 1809 428 1876 librum
448 1813 577 1898 metaph.
595 1817 648 1889 A,
670 1803 726 1884 Ar.
742 1816 836 1898 ipsius
853 1812 1016 1878 doctrinam
1033 1813 1070 1881 de
1086 1837 1200 1880 sutntno

166 1928 338 2012 principio
363 1929 575 2004 continentem,
597 1928 733 1993 'additum
751 1927 851 1992 luisse.
886 1929 949 1994 Hae
965 1942 1063 1994 autem
1080 1951 1112 1994 re
1129 1929 1202 1996 dues

192 2039 381 2106 difficultates
404 2043 527 2106 solvisse
551 2046 690 2129 opinatus
707 2051 782 2110 suni.
816 2043 949 2108 Primum
966 2045 1121 2111 lectionem
1139 2044 1200 2112 Cio.

193 2155 279 2222 eodd.
303 2156 360 2220 fide
383 2156 541 2224 firmatam:
571 2158 766 2223 »Aristoteles
790 2179 910 2244 quoque
933 2161 963 2221 in
980 2161 1066 2226 tertio
1084 2159 1120 2224 de
1136 2161 1202 2246 phi·
1315 2225 1326 2238 ,

193 2269 329 2354 losephia
358 2270 434 2334 libro
464 2272 557 2336 multa
580 2273 681 2338 turbat
704 2295 721 2336 a
744 2275 886 2360 magistro
909 2273 1033 2338 Platone
1058 2296 1117 2340 uno
1144 2275 1203 2344 dis·

192 2385 341 2448 sentiens·
374 2384 569 2470 pulcherrime
599 2387 747 2472 explicare
778 2389 848 2450 mihi
873 2391 953 2451 visus
981 2411 1045 2454 sum
1070 2391 1149 2454 hnno
1173 2395 1203 2454 in

192 2497 327 2564 modum:
345 2503 390 2572 ,in
417 2499 537 2566 duobus
561 2501 805 2586 praecedentibus
829 2502 913 2567 libris
935 2503 1068 2570 Platonis
1094 2505 1203 2570 doetri-
1229 2533 1235 2548 ν

192 2635 259 2699 narn
290 2613 428 2691 tradidit,
458 2619 488 2678 in
518 2637 577 2680 uno
606 2617 693 2681 tertio
718 2619 796 2702 ipse,
830 2615 992 2684 aPlatone
1016 2619 1200 2698 dissentiens,

192 2752 261 2794 suas
290 2743 389 2816 partes
419 2733 487 2816 egit.
535 2729 648 2796 Deinde
677 2733 848 2816 scrupulum
878 2755 997 2812 eorum,
1029 2739 1079 2822 qui
1108 2759 1202 2802 meam

192 2848 366 2928 sententiam
390 2844 426 2908 de
450 2843 553 2908 ordine
574 2843 718 2908 librorum
734 2846 862 2931 metaph.
880 2849 935 2912 hae
952 2849 987 2912 de
1004 2871 1108 2926 eausa,
1134 2853 1203 2937 quia

151 3021 156 3028 ,
194 2979 338 3044 nusquam
363 2961 394 3020 in
418 2958 493 3022 libro
510 2963 552 3020 Λ.
576 2959 700 3024 lectores
725 2961 762 3024 ad
786 2963 858 3025 alios
874 2961 973 3026 libros
983 2965 1202 3052 metaphysieos

9 3079 11 3088 '
122 3083 128 3092 ‘
192 3072 412 3160 delegarentur,
441 3074 571 3160 probare
599 3089 821 3154 cunctarentur,
853 3079 1065 3164 simplicissime
1088 3083 1203 3145 amoliri

193 3190 329 3272 cogitavi.
376 3189 450 3254 Nam
483 3213 533 3255 eos
564 3190 646 3256 looos
677 3193 745 3258 libri
767 3197 825 3270 A„
856 3197 907 3280 qui
934 3194 970 3259 ad
994 3195 1202 3280 praecedentes

191 3301 285 3367 libros
301 3305 430 3388 metaph.
446 3309 660 3389 spectaverint,
687 3307 723 3372 ah
740 3309 789 3374 illo
805 3313 1008 3394 grammatino,
1027 3315 1077 3398 qui
1093 3311 1202 3380 librum

192 3420 235 3480 A.
258 3437 324 3482 eum
347 3416 429 3481 libris
446 3419 577 3485 debono
595 3425 791 3507 conjunxerit,
817 3424 927 3508 ejectos
943 3445 1020 3502 esse,
1047 3429 1201 3492 verisimile
1302 3463 1308 3472 ·

192 3555 254 3600 esse
285 3531 452 3600 videbatur.
499 3533 549 3600 Sie
580 3549 665 3600 antea
698 3551 868 3621 statueram.
915 3542 957 3605 Aa
987 3540 1202 3628 dubitationem

192 3653 285 3722 movit
300 3648 389 3736 Diog.
407 3648 513 3727 Laert,
540 3664 573 3715 ut
597 3656 646 3738 qui
671 3665 729 3718 tres
753 3655 848 3720 libros
872 3654 907 3722 de
931 3655 1011 3720 hono
1036 3670 1064 3721 et
1089 3656 1201 3722 tresde

191 3765 381 3853 philosophia
410 3778 573 3864 recenseat,
606 3789 658 3832 neo
687 3773 832 3836 sententia
856 3767 1032 3856 Brundisii¹)
1062 3773 1201 3839 aliorum-

193 3918 403 3929 ...ss-,—

250 4006 269 4076 ¹l
291 4006 328 4064 lie
346 4009 415 4079 perd.
435 4011 479 4066 Ar.
498 4010 542 4066 lib.
563 4011 593 4067 de
611 4011 676 4068 ideis
695 4021 721 4070 et
740 4013 770 4070 de
789 4014 857 4070 hono
877 4034 901 4088 p.
915 4014 940 4072 6.
970 4052 972 4057 ·
