2910 4778
629 386 788 485 -dff-

202 573 290 638 lativa
314 581 392 634 terte
421 567 565 656 particula
589 569 644 630 καὶ
665 580 736 654 post
761 566 896 652 δυνάμει
917 568 1118 656 interjicienda
1148 570 1212 637 luit.

202 686 263 753 Sed
286 687 378 751 multo
402 699 533 773 praestat
557 708 594 750 ex
617 687 798 772 gravissimis
822 687 995 752 auctoribus
1016 688 1059 754 ΑΙ
1081 701 1111 754 et
1126 688 1212 753 Alex.

200 804 273 869 illud
298 803 433 886 δυνάμει
455 805 574 867 omnino
600 801 755 888 expellere.

271 918 369 985 1049·
392 918 442 985 26.
478 915 548 984 olon
574 918 605 980 ιλ
629 914 648 1002 ἢ
677 917 716 1001 γῆ
740 911 868 1002 αἐρίνη,
897 915 915 981 ὅ
941 914 973 983 d³
997 911 1060 1002 ἇήρ
1083 912 1126 1002 μὴ
1150 918 1213 1004 πῦρ

202 1030 289 1101 ἀλλὰ
311 1031 453 1119 πύρινος,
476 1031 512 1098 τὸ
534 1033 597 1116 πῦρ
616 1031 677 1118 ῦλη
699 1034 816 1119 πρώτη.
852 1033 961 1099 Mende
979 1034 1108 1123 quodam
1124 1035 1215 1104 librae

200 1155 311 1218 riorum
341 1154 413 1218 haee
443 1148 534 1214 verba
564 1150 683 1215 turbata
714 1173 776 1214 esse
806 1151 876 1216 milri
907 1171 1082 1237 persuasum
1105 1151 1212 1216 habeo.

200 1269 273 1334 Nam
297 1270 327 1333 id
351 1268 470 1356 quidem
494 1265 618 1331 fortasse
643 1270 777 1331 excusari
802 1279 910 1352 potest,
941 1266 1022 1353 quod
1045 1290 1105 1331 non
1130 1267 1215 1331 addi-

201 1398 263 1450 tum
287 1386 326 1448 sit
347 1381 383 1448 τὸ
409 1383 445 1447 δὲ
467 1383 530 1467 πῦρ
554 1376 597 1468 rep*
623 1378 688 1446 κατ’
712 1378 810 1457 ἄλλο,
841 1405 916 1470 quae
942 1383 1048 1459 verba,
1079 1396 1113 1448 ut
1135 1396 1214 1448 reete

201 1503 352 1567 conclusio
376 1499 532 1587 procedat,
564 1500 694 1586 suppleri
718 1512 797 1564 certe
822 1498 938 1564 debent.
987 1499 1048 1565 Sed
1071 1500 1213 1586 puerilem

200 1732 363 1817 pleniorem
384 1734 600 1816 expositionem
624 1732 648 1791 si
671 1728 723 1791 Ar.
748 1731 853 1792 iterare
876 1730 1035 1807 voluisset,
1060 1733 1213 1816 inpriore

200 1859 278 1911 certe
301 1846 432 1911 membro
455 1844 653 1922 adhibuissem
678 1847 707 1907 in
724 1844 816 1909 altero
833 1859 929 1912 autem
947 1846 1078 1912 membro
1095 1851 1215 1913 reeoota'
1257 1823 1264 1832 ’

178 1963 290 2040 ,habet
312 1967 412 2028 neseio
437 1962 509 2049 quid
532 1961 663 2026 scurrilis
687 1962 877 2049 garrulitatis.
914 1961 976 2030 Sed
999 1963 1116 2042 dubito,
1141 1987 1212 2032 uum

198 2084 353 2169 genuinam
370 2081 423 2145 Ar.
440 2101 557 2144 manum
573 2081 727 2143 restituere
744 2079 813 2142 mihi
831 2083 998 2170 contingam
1023 2081 1130 2146 duetus
1147 2084 1212 2169 qni·
1232 2116 1240 2136 ι

143 2172 146 2184 ¹
199 2197 264 2262 dem
286 2199 436 2263 literarum
461 2198 529 2262 huie
552 2195 678 2260 sortasse
702 2193 899 2268 emendationi
915 2195 1029 2260 lavent:
1060 2187 1133 2262 ddi
1149 2191 1212 2283 ἆῆρ

199 2308 342 2396 πῦριυος,
366 2308 401 2374 ad
427 2306 527 2395 δὲμὴ
552 2304 628 2393 παρ’
644 2305 757 2376 ἄλλου.
983 2388 989 2398 ¹

268 2425 367 2492 10512
389 2425 441 2489 27.
473 2424 554 2488 διότι
577 2422 636 2488 toto
659 2431 726 2489 ἰὀοιι
748 2436 844 2512 τρετς,
869 2425 889 2511 ἢ
911 2451 945 2489 τε
967 2421 1061 2510 tioium
1080 2426 1140 2494 δύο
1157 2432 1225 2498 καὶ,

198 2540 216 2628 ἢ
239 2541 275 2606 ἐκ
298 2545 398 2625 μέσου
421 2539 635 2606 torneamenta
658 2536 759 2627 ὀρθή,
792 2538 894 2606 idonee
917 2541 1016 2628 δῆλον
1039 2543 1084 2631 τῷ
1109 2544 1210 2610 ἐκεῖνο

197 2659 304 2724 εἰδότι.
343 2659 528 2746 Singularern
554 2659 694 2744 trianguli
715 2653 849 2736 sormam,
875 2658 926 2723 ubi
946 2673 1051 2725 vertex
1066 2663 1096 2726 in
1111 2661 1223 2727 medio·

94 2825 104 2838 ,
196 2778 369 2864 hemicyclio
393 2778 510 2862 positus
532 2777 579 2850 sit,
605 2774 641 2838 ab
659 2775 710 2838 Ar.
727 2778 835 2860 respici
852 2776 1007 2841 Bonitzius
1026 2792 1133 2846 censet.
1169 2779 1211 2844 At

199 2894 265 2978 quis
288 2903 400 2954 tantam
425 2891 572 2952 levitatem
603 2886 677 2952 ferre
701 2901 816 2973 potest,
848 2903 882 2954 ut
903 2892 956 2956 Ar.
981 2895 1108 2978 primum
1133 2893 1211 2960 dieat

199 3001 254 3070 dmi
278 3008 309 3068 al
331 3002 349 3090 ἢ
372 3003 408 3070 ἓν
429 3001 601 3091 ἡμικυκλίῳ
626 2998 711 3087 ὀρθή
736 3002 934 3082 καθόλου,
958 3011 1094 3093 proxima
1111 3023 1209 3076 autem

196 3127 225 3188 in
251 3125 457 3189 enunciatione
481 3121 601 3187 eandem
626 3121 789 3206 generalem
814 3126 1048 3210 propositionem
1077 3127 1108 3189 in
1134 3127 1210 3191 limi-

196 3252 240 3302 tes
264 3243 351 3303 unius
376 3237 554 3302 conditionis
578 3238 760 3322 restringat?
798 3239 862 3322 Qua
891 3240 1009 3306 tandem
1035 3244 1208 3310 necessitate

198 3353 431 3417 Anobstrietus
455 3352 520 3428 luit,
545 3367 693 3441 utsupra
717 3352 838 3420 adderet
869 3353 1084 3422 ικαθόλουιλ
1116 3359 1209 3428 Aroe·
1316 3407 1321 3414 -

198 3468 250 3547 dit,
276 3468 358 3556 quod
382 3471 411 3530 in
429 3467 656 3534 demonstranda
673 3471 727 3534 hae
743 3473 950 3557 propositione
965 3472 1089 3559 figuram
1107 3477 1208 3561 aequi·

196 3589 286 3652 erurii
309 3585 448 3672 trianguli
471 3606 508 3649 ne
532 3587 680 3649 minimum
705 3586 823 3675 quidem
847 3587 1048 3672 adjumentum
1064 3591 1207 3677 praebere

195 3703 332 3768 Euclides
350 3703 431 3766 elem.
449 3702 492 3776 ΙΙΙ,
511 3698 551 3767 31
574 3685 670 3768 dotet.
707 3703 829 3770 Scribas
853 3706 944 3791 igitur
968 3729 1005 3770 ex
1028 3708 1113 3793 plena
1138 3730 1207 3774 ana·

196 3819 274 3906 logia
298 3821 406 3906 prioris
431 3819 573 3906 exempli:
604 3816 653 3881 ὅτι
671 3864 700 3881 ..
720 3865 728 3882 .
747 3820 970 3898 ἐπιοταθετοο,
995 3815 1084 3908 ὀρθή
1105 3819 1205 3909 lintei

90 4013 95 4022 Ι
199 3931 233 3997 ἓν
253 3927 426 4023 ἡμικυκλίῳ
450 3933 558 4016 ἐστίν).
579 3930 693 4036 λῦούτι
717 3931 756 4021 δὴ
783 3935 883 4021 δῆλον
905 3939 950 4028 τῷ
972 3937 1073 4008 ἐκεῖνο
1086 3935 1206 4004 ἐἰδότι
