2962 4770
635 388 794 486 ,οι-

214 569 339 636 videtur.
377 569 460 632 lllum
489 567 563 632 enim
594 562 646 630 tas
673 569 733 648 μὲν
757 560 816 630 οὖν
840 567 869 630 in
892 575 977 630 textu
1001 565 1140 632 habuisse
1163 563 1222 630 Bn-

212 688 322 750 nitaius
358 685 468 770 optime
501 683 670 768 perspexit3
707 680 758 744 sed
794 683 823 744 in
859 679 989 766 ejusdem
1018 693 1102 748 textu
1133 680 1223 746 verba

213 794 295 862 καθ’
311 795 352 882 ἢν
373 837 404 850 -
422 795 537 876 πάσχοι
554 819 584 860 τι
607 799 726 860 omniuo
752 793 879 860 defuisse
903 817 1044 890 auguror.
1079 795 1152 860 Nam
1171 817 1224 862 cur

213 912 332 978 tandem
355 917 424 992 ipse
445 911 622 976 addidisset:
644 905 680 974 cd
703 911 766 996 γὰρ
797 906 872 994 »ὑφ’
885 907 1015 994 tropaea
1036 904 1096 993 τὴν
1110 913 1224 994 παθη-

214 1025 302 1114 τικὴν
325 1026 480 1112 oppetam.
523 1026 588 1090 lam
618 1027 688 1112 quid
718 1023 918 1112 probabilius,
950 1046 1039 1112 quam
1061 1025 1108 1089 illa
1133 1024 1224 1089 verba

215 1135 268 1210 ded
290 1148 350 1226 μὲν
373 1135 431 1207 ἐὰν
454 1133 564 1206 ὅιιοῦν
588 1173 627 1186 -
652 1139 787 1223 βέλτιον,
815 1141 853 1206 ab
876 1141 929 1206 Ar.
954 1143 985 1204 in
1014 1141 1145 1226 margine
1173 1139 1225 1202 ad·

211 1259 305 1341 jecta,
338 1280 355 1322 a
385 1257 488 1345 primis
518 1255 681 1322 editoribus
712 1257 806 1322 alieno
835 1257 900 1321 loco
932 1258 961 1318 iu
990 1267 1106 1319 textum
1133 1254 1224 1328 illata,

217 1370 321 1438 deiude
338 1374 420 1438 vario
443 1370 532 1436 modo
557 1394 622 1436 eum
645 1371 890 1458 praecedentibus
915 1369 1117 1456 conglutinata
1141 1367 1225 1432 esse?

215 1485 332 1573 ltaqud
350 1491 493 1574 integram
528 1488 581 1555 Ar.
606 1509 723 1552 manum
759 1487 840 1552 bono
875 1487 972 1549 animo
1002 1487 1042 1548 ita
1071 1486 1225 1568 restitues:

214 1598 233 1685 ἢ
263 1597 295 1664 d’
308 1597 361 1686 ὑφ’
374 1598 483 1684 ἑτέρον
513 1596 715 1691 ἢῇἔτορον.
744 1599 790 1664 ἔτι
811 1594 830 1682 ἦ
855 1598 912 1662 τοῦ
935 1597 1040 1672 καλῶς
1068 1638 1102 1648 -
1129 1596 1226 1679 βαδί-

217 1712 292 1786 ζειν·
315 1712 433 1798 ὁμοίως
457 1714 493 1777 δὲ
515 1719 569 1778 aar
584 1715 636 1778 ἐπὶ
658 1715 715 1779 τοῦ
734 1704 939 1792 πάσχεινὸοέ
959 1716 1020 1793 μὲν
1035 1708 1093 1774 ἐὰν
1107 1703 1226 1784 danto,

217 1823 358 1893 δυνατὸν
380 1824 458 1892 αὐτό
481 1850 591 1913 φαμεν
611 1869 644 1880 -
662 1827 799 1910 βέλτιον.
832 1826 1025 1902 lamudam,
1049 1847 1137 1912 quam
1160 1827 1227 1912 pul·

217 1943 360 2008 uberrime
384 1946 546 2008 sententiae
569 1929 747 2030 procedant:
777 1947 904 2030 primum
928 1942 1054 2027 simplex
1076 1945 1226 2026 potentiae

188 2059 261 2126 .vis
293 2071 322 2122 et
351 2061 464 2124 activae
493 2071 522 2124 et
545 2063 680 2145 passivae
711 2063 872 2145 exponitur
903 2053 941 2140 (ᾗ
968 2058 1029 2138 μὲν
1055 2095 1090 2108 -
1120 2058 1227 2140 ἕτερον

216 2195 244 2237 ν.
265 2170 315 2248 19,
340 2170 405 2252 20),
430 2185 492 2238 tum
517 2173 619 2238 eodem
644 2173 747 2239 ordine
771 2173 862 2238 altera
877 2174 923 2236 vis
945 2173 1095 2255 potentiae
1111 2182 1141 2233 at
1156 2173 1227 2234 aeti·

217 2308 272 2350 vno
295 2290 482 2371 etpassivae
506 2289 687 2375 cxplitatur3
711 2286 748 2352 el.
766 2285 890 2353 eundem
907 2283 1079 2371 disputandi
1095 2283 1227 2352 ordinem

219 2399 259 2464 Θ.
281 2421 306 2464 ο.
322 2399 343 2464 l.
369 2387 535 2465 1046216.

286 2511 385 2580 1020¹¹
409 2513 459 2580 17.
497 2513 561 2580 τοῖν
590 2512 626 2580 δὲ
654 2510 736 2578 καθ’
755 2510 838 2578 αὑτὰ
864 2511 904 2578 τὰ
932 2517 992 2596 μὲν
1020 2510 1089 2578 κατ’
1114 2507 1228 2580 οὐσίαν

218 2627 310 2706 ἐστίν,
334 2625 404 2694 οἷον
426 2626 445 2713 ἢ
466 2629 606 2714 γραμμή,
629 2625 733 2694 ποσόν
754 2652 784 2692 ιι
806 2625 856 2710 (ἐν
876 2623 940 2714 γὰρ
963 2629 1007 2715 τῷ
1029 2626 1113 2714 λόγῳ
1137 2628 1180 2714 τῷ
1199 2631 1230 2693 el

218 2741 284 2808 ἐστι
305 2743 429 2823 λέγοντι
451 2741 487 2806 cd
509 2744 611 2808 ποσὸν
634 2742 829 2828 ἐνυπάρχει).
873 2746 926 2810 Ar.
951 2769 979 2809 v.
1000 2744 1050 2810 15.
1074 2745 1230 2833 distinguit

221 2861 297 2920 inter
312 2861 506 2942 quantitatem
523 2856 744 2922 substantialem
762 2870 791 2920 et
806 2858 1027 2933 accidentalem,
1045 2860 1150 2924 deinde
1163 2883 1230 2925 rur·

219 2991 269 3036 sus
300 2982 479 3056 quantorum
503 2969 741 3034 substantialium
765 2967 856 3048 (καθ’
875 2968 972 3052 abaci)
996 2972 1138 3040 discernit
1157 2975 1229 3039 sub-

218 3087 342 3150 stantias
359 3080 413 3166 (ad
428 3089 487 3167 μὲν
502 3076 570 3149 κατ’
585 3081 697 3150 οὐσίαν
712 3109 741 3150 v.
753 3083 805 3168 17)
822 3099 851 3151 et
866 3086 1035 3154 affectiones
1051 3087 1159 3172 (arniba
1175 3094 1230 3152 eal

219 3202 299 3278 ἕξοις
317 3225 346 3266 v.
366 3198 428 3282 19).
468 3201 571 3266 Priore
595 3205 692 3288 speeie
715 3201 807 3266 lineae
831 3203 965 3288 exemplo
990 3205 1140 3290 aptissime
1163 3204 1230 3270 illu·

221 3326 322 3391 strata,
347 3316 526 3398 adjiciuntur
548 3316 635 3381 baec:
660 3315 696 3381 do
716 3310 778 3402 γὰρ
801 3317 847 3404 τῷ
869 3313 953 3402 λόγῳ
978 3318 1021 3404 τῷ
1044 3321 1075 3382 τί
1096 3318 1161 3382 ἔστι
1175 3317 1230 3383 λέ-

219 3448 308 3510 γοντι
329 3422 365 3492 τὸ
389 3425 490 3492 ποσὸν
513 3427 694 3520 ἐνυπάρχειἵ
731 3433 773 3495 At
796 3432 865 3496 bine
885 3453 945 3496 non
962 3431 1109 3517 probatur
1125 3435 1229 3498 lineam
1349 3465 1354 3476 ·

221 3545 416 3612 substantiam
440 3565 513 3620 esse,
537 3542 590 3635 spd
612 3545 716 3610 lineam
741 3568 800 3610 non
816 3567 870 3632 per
885 3546 1029 3624 accidens,
1054 3547 1106 3610 sed
1123 3569 1161 3612 ex
1175 3569 1230 3613 sua

220 3673 326 3726 natura
350 3655 446 3741 (καθ’
460 3652 574 3744 αὑτὴν)
597 3661 627 3723 in
652 3663 824 3746 quantitatis
839 3683 932 3749 genus
955 3661 1136 3728 referendam
1155 3684 1228 3728 esse.

221 3775 363 3864 Namque,
388 3788 423 3841 nt
446 3775 586 3861 exemplis
610 3765 670 3838 relu
690 3776 841 3854 illustrem,
868 3780 897 3840 in
914 3776 1134 3842 definitionibus
1149 3779 1230 3862 prio-

110 3901 116 3914 '
222 3892 262 3954 ris
292 3893 399 3978 speciei
429 3893 595 3978 categoriae
618 3891 769 3956 relationis
794 3889 916 3975 (ἥμισυ,
946 3885 1110 3977 ἡμιόλιον)
1133 3893 1230 3978 ipsum

986 4001 1018 4056 ὅ.
