2962 4770
625 385 784 483 —98-

198 569 277 634 huno
300 576 475 632 concentum
499 585 564 630 esse
586 523 749 630 ducamus?
777 563 900 650 insuper
913 574 973 627 tres
996 561 1067 626 alias
1084 558 1210 626 difficul-

199 695 273 752 tates
297 687 327 747 in
350 677 428 748 libro
445 683 487 745 Λ.
502 664 624 760 solutas,
649 683 678 745 in
702 679 780 745 libro'
804 682 1009 768 quaestionum
1031 677 1209 766 significatas

199 822 262 866 esse
281 798 396 885 judico.
431 797 562 864 Primum
586 819 703 864 causam
726 797 842 861 finalem
859 799 921 861 sire
938 787 1208 860 summumbonum
1297 871 1301 886 ι

200 939 216 981 a
240 914 414 981 substantiis
437 918 564 980 immotis
588 927 677 1002 atque
696 923 717 978 *a
739 935 854 978 summo
885 934 982 977 rerum
1010 911 1210 997 gubernatore
1327 1001 1333 1008 Ι

200 1053 260 1096 uon
284 1031 436 1116 exclusum
460 1053 523 1096 esse
538 1032 590 1095 Ar.
609 1030 697 1095 docet
720 1029 909 1093 distinctione
930 1026 1080 1091 interduo
1103 1047 1211 1113 genera

201 1168 305 1212 causae
315 1146 411 1211 finalis
423 1145 500 1211 sacta
514 1144 612 1211 10722
624 1142 725 1210 26—1‘
737 1143 767 1236 3,
781 1143 816 1209 cf.
824 1148 864 1205 Β.
875 1165 899 1208 c.
909 1143 931 1207 ll
944 1140 1023 1208 996t
1034 1139 1164 1207 23-29
1174 1135 1210 1222 ¹);

201 1262 305 1328 deinde
327 1261 395 1328 libri
411 1266 454 1325 A.
470 1261 601 1348 eap.Vl‚
627 1283 686 1348 quo
710 1263 804 1346 prima
827 1261 972 1345 principia
996 1280 1056 1322 non
1079 1259 1211 1343 potentia

201 1378 252 1444 sed
269 1391 337 1442 actu
354 1399 417 1442 esse
433 1379 541 1442 eximio
558 1380 692 1442 acumine
708 1375 935 1451 demonstratur,
956 1374 1051 1438 resero
1068 1373 1106 1437 ad
1122 1393 1211 1459 quae-

201 1497 325 1558 stionem
355 1493 391 1558 de
414 1494 469 1558 hae
492 1515 523 1558 re
547 1493 739 1578 disceptatum
759 1496 800 1556 B.
824 1513 849 1555 e.
864 1490 903 1554 Vl
929 1488 1028 1554 1002b
1042 1485 1210 1554 32-325

202 1621 231 1672 et
252 1605 401 1686 9962113
432 1612 566 1696 quaestio
599 1608 741 1694 denique,
772 1628 841 1669 num
866 1627 1010 1668 summum
1035 1607 1212 1690 principium

202 1725 298 1808 speeie
321 1719 427 1802 (essee)
451 1745 488 1786 an
512 1743 634 1786 numero
659 1717 831 1807 (ἀριθμῷ)
855 1741 946 1783 unum
964 1722 1018 1794 sit,
1043 1720 1073 1781 in
1090 1716 1158 1781 iibri
1173 1722 1213 1779 Β.
1283 1711 1287 1716 ’

203 1859 227 1902 c.
240 1837 281 1900 tv
297 1833 376 1902 99912
389 1835 579 1902 24-10002
593 1835 613 1900 5
638 1839 767 1902 excitata
783 1848 813 1900 et
827 1857 929 1900 rursus
951 1831 1050 1900 1002b
1066 1833 1105 1897 17
1123 1835 1213 1920 sigui·
1238 1883 1241 1890 .

201 1954 304 2030 ficata,
340 1954 463 2018 strictim
494 1951 612 2041 quidem
641 1951 693 2017 sed
717 1965 807 2018 'acute
837 1951 1016 2037 dijudicatur
1032 1953 1086 2012 ’Λ.
1108 1972 1132 2015 e.
1152 1950 1214 2014 Vttt

94 2087 98 2094 '
204 2049 453 2135 1074'231-38.
490 2068 626 2151 Quetuor
643 2071 736 2156 igitur
750 2070 939 2156 gravissimas
963 2069 1151 2154 quaestiones
1175 2087 1213 2129 ex

201 2188 304 2250 intimo
337 2207 455 2250 recessu
493 2183 711 2272 metaphysicae
745 2184 897 2248 doctrinae
932 2185 1072 2268 repetitas
1102 2180 1154 2246 Ar.
1185 2183 1214 2244 iu

202 2299 279 2362 libro
296 2304 338 2362 A.
361 2300 465 2376 solvit,
497 2313 549 2364 aut
576 2313 654 2366 certe
683 2300 807 2366 solvisse
836 2300 892 2364 sibi
916 2298 1043 2366 videtur.
1091 2296 1124 2362 Si
1148 2300 1214 2385 quis
1272 2327 1279 2342 ,

203 2413 394 2478 nihilomiuus
417 2435 531 2478 omnem
554 2416 770 2480 cohaerentiam
792 2417 935 2480 librorum
953 2421 992 2478 B.
1010 2418 1092 2479 etA.
1108 2414 1215 2478 infitia-

202 2541 260 2607 tur,
286 2533 312 2595 ei
336 2551 406 2596 sone
430 2530 486 2594 alia
510 2543 682 2618 argumenta
706 2530 896 2617 suppeditare
919 2551 1050 2617 nequeo,
1078 2529 1129 2594 sed
1153 2533 1215 2616 ipse

204 2659 315 2724 caveat,
340 2665 376 2713 oe
401 2650 478 2712 viam
503 2647 588 2712 valde
611 2645 753 2712 lubricam
776 2659 927 2734 sequatur.
964 2645 1116 2711 Sciscitari
1139 2649 1214 2710 enim

203 2743 241 2828 ebt
263 2761 312 2827 iilo
330 2765 431 2840 velim,
457 2785 517 2848 quo
541 2763 658 2826 taudem
684 2776 816 2848 tempore
835 2762 943 2827 librum
959 2767 1001 2825 A.
1018 2764 1215 2849 compositum

204 2897 266 2938 esse
290 2889 410 2952 statuat,
436 2888 465 2939 et
489 2879 539 2963 qui
557 2876 609 2940 Ar.
628 2897 682 2940 'ees
706 2880 904 2962 quaestiones,
931 2881 1059 2965 quaein
1083 2879 1158 2942 libro
1174 2883 1215 2940 B.

205 3003 393 3067 moveantur,
413 2992 475 3075 jaro
499 2992 570 3056 alias
585 2983 744 3056 ‘diremisse
767 2991 822 3055 sibi
847 2991 938 3056 videri
962 2997 1103 3079 potuerit.
1150 2995 1215 3080 lpse

202 3105 311 3183 videat,
338 3110 559 3193 quemvexitum
583 3129 621 3172 ex
644 3109 689 3172 his
713 3102 881 3174 tramitibus
897 3113 1039 3197 reperiat3
1064 3111 1134 3175 mihi
1151 3113 1215 3198 qui-

206 3219 270 3286 dem
292 3223 385 3287 libros
402 3228 441 3285 B.
458 3236 486 3287 et
501 3226 543 3285 A.
560 3235 639 3288 arcte
655 3224 811 3290 cohaerere
827 3247 1000 3312 persuasum
1016 3226 1124 3292 babeo.

272 3336 336 3399 iam
352 3340 377 3400 si
392 3339 450 3401 hoe
465 3337 623 3420 probatum
640 3341 703 3416 erit,
721 3352 827 3425 sponte
842 3340 914 3404 haee
930 3343 1020 3407 altera
1036 3346 1171 3430 quaestio
1184 3365 1214 3408 se

206 3535 269 3590 ἄλλο
279 3575 285 3590 .
296 3572 321 3589 ..
349 3535 482 3589 etthoen
501 3536 561 3590 bibl.
583 3537 638 3591 cod.
651 3537 703 3592 249
722 3559 746 3611 p.
759 3538 850 3593 MO⁸9
870 3541 908 3595 cd.
921 3541 1014 3596 lectt:
1032 3541 1069 3597 ὅτι
1087 3540 1101 3596 ὅ
1121 3544 1216 3606 ζωδια-

205 3631 251 3694 κὸς
267 3634 351 3696 λοξῶς
366 3639 484 3699 κινεῖται,
502 3633 538 3694 ὥς
556 3634 660 3701 ζητήσας
673 3635 761 3711 εὑρεῖν
774 3640 865 3700 ἔδοξεν
879 3639 1055 3714 Ἀριστοτέλης,
1075 3641 1163 3696 ἕνεκεν
1173 3641 1216 3708 τῆς

205 3734 365 3803 γενέσεως
381 3731 432 3786 τῶν
449 3733 510 3806 περὶ
527 3733 578 3803 γῆν
594 3733 687 3787 τόπων.
719 3735 794 3799 Quod
813 3736 948 3790 Bonitzius
967 3737 1139 3804 cxnssrandisii
1158 3755 1215 3792 scu·

207 3831 285 3883 tentia
302 3829 371 3884 iilam
384 3849 437 3884 rem
447 3839 478 3884 A.
493 3849 512 3884 e.
524 3829 563 3884 tv
574 3832 666 3901 respici
680 3831 741 3884 dicit
755 3831 805 3899 (ed.
820 3832 921 3900 11,25),
941 3835 1062 3904 equidem
1070 3851 1121 3889 non
1135 3838 1214 3908 capio.

265 3929 284 3994 ¹)
295 3919 374 3984 'vite
393 3947 442 3984 nos
460 3945 538 4000 supra
557 3946 579 3983 a.
593 3929 618 3982 h.
632 3927 648 3982 l.
668 3947 692 4000 p.
705 3925 748 3982 58.
