2962 4770
699 369 859 471 L

341 547 441 616 1070ι
456 546 508 616 24.
537 549 592 614 καὶ
613 549 658 623 εἷς
679 551 782 613 ταῦτα
805 548 975 636 διαιρεῖται
996 545 1016 636 ip
1039 544 1132 636 ἀρχῆ.
1170 551 1282 617 Eadem

273 666 364 732 verba
391 666 467 731 infra
488 667 502 711 l
522 663 564 730 20
587 665 740 730 redeuntia
765 665 918 730 Boniteius
947 688 985 730 ex
1013 647 1189 732 auctoritate
1211 667 1278 731 cod.

274 782 315 848 Al
330 795 360 847 et
381 782 467 847 Alex.
492 781 609 845 delevit.
657 778 717 844 Sed
739 794 818 846 recte
841 781 918 846 idem
936 783 970 844 in
994 780 1059 845 obs.
1078 803 1108 867 p.
1128 779 1192 846 130
1214 801 1283 846 cen·

274 910 374 962 suerat
397 899 546 983 aptissime
568 896 618 959 illa
638 896 729 961 verba
751 899 781 960 in
805 899 971 982 posteriore
993 897 1070 972 loeo,
1095 899 1191 962 minus
1214 909 1284 983 aptn

274 1017 303 1077 in
326 1014 427 1099 priore
449 1013 521 1098 legi3
545 1013 645 1104 priore
668 1013 746 1075 enim
768 1012 834 1076 loco
858 1011 951 1075 multo
970 1013 1061 1098 magis
1078 1023 1282 1097 exspectatur:

274 1131 328 1192 uoti
349 1128 393 1202 εἰς
407 1130 509 1191 ταῦτα
525 1125 696 1208 διαιρεῖται
709 1122 751 1188 rol
766 1129 863 1191 αἴτια.
897 1127 991 1191 Doleo
1008 1129 1099 1213 igitur
1115 1127 1283 1190 Bonitzium

274 1257 377 1332 postea
409 1243 616 1330 diplomaticae
644 1243 687 1306 rei
716 1254 830 1306 tantum
859 1241 1013 1319 tribuisse,
1048 1254 1082 1307 ut
1110 1243 1284 1306 sententiam

274 1382 357 1425 snam
381 1362 557 1424 immutaret.
602 1358 662 1422 Res
686 1367 783 1422 autem
806 1361 848 1422 ita
872 1356 1046 1443 explicanda
1069 1379 1133 1421 esse
1155 1356 1283 1422 videtur.

274 1475 327 1540 Ar.
351 1475 399 1538 illa
423 1473 513 1538 verba
537 1474 567 1536 in
591 1476 722 1558 margine
746 1476 792 1536 sui
816 1474 991 1559 exemplaris
1014 1472 1175 1558 adjecerat,
1205 1472 1285 1537 unde
1318 1501 1321 1508 ¹

275 1590 312 1656 ab
336 1591 427 1654 altera
451 1587 559 1654 familia
583 1586 669 1651 codd.
694 1587 782 1652 nobis
805 1591 909 1675 ignota
931 1602 1001 1675 post
1022 1581 1218 1672 oiaodoprxp',
1246 1587 1285 1652 ab

275 1707 366 1771 altera
381 1685 435 1786 (Aa
450 1701 550 1786 Alex.)
573 1716 643 1791 post
665 1699 766 1788 ἄμφω
791 1705 933 1769 collocata
957 1707 1025 1769 sint.
1059 1703 1172 1768 Deinde
1188 1715 1284 1767 autem

275 1823 331 1885 bae
360 1820 436 1884 duae
463 1817 589 1883 familiae
618 1818 704 1882 codd.
734 1821 776 1882 ita
810 1821 1025 1884 contaminatae
1054 1831 1139 1896 sunt,
1174 1832 1209 1883 ut
1236 1817 1285 1882 illa

246 1919 250 1924 ⁵
276 1935 366 2000 verba
388 1947 517 2020 utroque
540 1934 607 1996 loro
630 1947 813 2020 ponerentur
835 1931 935 2015 (codd.
953 1932 1038 2016 rell).

246 2069 248 2078 ⁴
344 2048 443 2115 1077ἃ
457 2047 508 2113 24.
533 2044 580 2111 ἔτι
595 2044 630 2110 αἳ
644 2050 782 2128 γενέσεις
794 2047 983 2133 δηλοῦσιν-
995 2050 1037 2112 ἄν
1047 2052 1096 2133 εἴη
1110 2043 1146 2112 ad
1158 2030 1286 2130 ἇξίωμα

276 2166 328 2233 31.
364 2167 396 2232 ln
418 2188 452 2230 ea
472 2178 557 2251 parto
573 2187 638 2252 rap.
654 2165 686 2241 11,
712 2185 788 2253 quae
803 2167 939 2251 proxime
955 2164 1102 2229 antecedit
1117 2160 1283 2246 (ts-24),

276 2283 328 2346 Ar.
354 2283 557 2346 mathematica
581 2303 708 2367 corpora
730 2279 998 2346 naturalibusnnn
1021 2283 1123 2367 priora
1147 2303 1209 2346 esse
1231 2280 1286 2344 do·

254 2409 392 2486 ‘nuerat3
429 2418 540 2461 novum
574 2409 672 2461 autem
702 2410 908 2485 argumentum
939 2397 977 2461 ad
1006 2397 1083 2461 hane
1112 2399 1285 2462 sententiam

277 2512 505 2580 confirmandam
533 2516 643 2577 nostris
666 2512 765 2578 verbis
793 2513 862 2602 addi
881 2513 1049 2580 *exordium
1073 2525 1183 2576 monet:
1215 2507 1284 2572 ἔτι.

277 2629 337 2695 Sed
360 2642 476 2692 tantum
499 2628 592 2703 abest,
617 2640 652 2690 ut
674 2628 747 2691 haec
769 2649 816 2692 res
833 2628 1060 2705 demonstretur,
1084 2637 1118 2692 ut
1133 2624 1283 2714 quomodo
1320 2641 1325 2648 ·

275 2765 323 2809 res
352 2741 573 2806 mathematicae
601 2743 683 2826 ipsae
712 2743 841 2808 interae
869 2743 1012 2831 dignitate
1039 2743 1175 2808 differant
1196 2761 1282 2828 qnae·

276 2872 368 2926 ratur.
405 2855 480 2924 Cum
502 2879 594 2944 pnrro
617 2858 796 2945 praecedens
821 2863 1037 2946 argumentatio
1054 2873 1082 2924 et
1100 2863 1165 2947 ipsa
1180 2869 1284 2923 natura

206 3033 210 3042 .
276 2976 475 3063 generationis
503 2977 616 3039 nitatur
639 2968 700 3054 (10
724 2969 759 3038 cd
783 2970 845 3055 γὰρ
874 2971 983 3049 ἀτελὲς
1005 2976 1146 3057 μέγεθος
1167 2975 1287 3053 γενέσει

276 3093 335 3174 μὲν
357 3085 545 3176 πρότερον),
576 3111 656 3153 nunc
684 3111 745 3152 non
774 3102 924 3178 tamquam
954 3112 1032 3155 nova
1062 3089 1288 3176 argumentandi

277 3208 353 3270 ratio
378 3204 447 3268 addi
471 3203 587 3267 debuit:
611 3201 656 3265 ἔτι
679 3199 714 3266 ai
735 3205 1056 3291 praeconceptam.
1092 3205 1288 3291 Aptissimum

277 3331 374 3383 autem
398 3319 494 3384 locum
517 3319 589 3385 haec
604 3318 696 3384 verba
718 3319 871 3398 tenebunt,
897 3324 922 3384 si
945 3335 1038 3388 totam
1056 3320 1287 3407 disputationem

278 3433 407 3502 tlt-31
433 3450 503 3523 post
526 3459 553 3501 v.
572 3432 614 3500 36
638 3431 788 3520 ἐφαίνετο
811 3431 948 3516 πάσχειν
971 3439 1221 3503 collocaverimus.

344 3550 409 3616 Sub
442 3549 528 3614 finem
558 3550 684 3637 denique
715 3549 804 3636 hujus
833 3550 1041 3638 disputationis
1069 3556 1162 3640 partis
1190 3552 1288 3615 lorum

276 3664 364 3753 longe
379 3665 613 3755 turbatissimum
629 3677 797 3742 tractemus,
816 3666 883 3731 libri
891 3670 934 3729 A.
950 3665 1017 3730 dico
1035 3688 1120 3755 capp.
1136 3669 1175 3743 ll,
1192 3667 1227 3730 lll
1242 3665 1289 3730 vel

278 3783 379 3865 potius
405 3779 505 3847 1060δ
521 3777 644 3845 3-70·
659 3777 711 3843 30.
754 3781 827 3846 Tam
852 3779 956 3846 crebro
981 3783 1057 3846 enim
1087 3784 1117 3844 in
1140 3781 1186 3842 his
1209 3784 1290 3866 capi·

231 3939 233 3945 ,
278 3893 358 3958 tibus
382 3896 457 3960 ordo
481 3895 691 3984 disputationis
714 3895 799 3982 spedc
821 3899 1060 3984 interrumpitur,
1087 3905 1135 3959 tot
1157 3895 1290 3962 membra

650 4131 658 4168 l
