2962 4770
631 352 791 448 jis

209 535 274 619 Quo
293 557 384 622 porro
404 532 493 596 modo
511 531 652 595 mundum
669 551 787 594 movere
804 551 905 595 carens
922 552 1057 618 corpore,
1078 545 1129 596 aut
1145 551 1220 618 quo·

206 650 295 715 modo
320 668 436 734 semper
459 669 490 711 se
517 667 639 711 movens
664 667 734 714 essa
751 648 868 732 quietus
892 659 925 710 ot
944 645 1048 710 beatus
1071 647 1213 732 potest?s

273 763 352 827 Haec
373 761 465 826 verba
488 763 583 847 primo
607 761 810 846 inspicientem
834 781 958 846 magnus
982 760 1221 828 concentusdo·

207 881 328 952 cirinus,
357 854 444 962 quam
468 874 572 940 Cicero
596 879 626 938 ia
640 877 738 939 'tertio
763 874 799 938 de
822 873 1014 960 philosophia
1036 875 1113 938 libro
1138 895 1221 961 repe·

207 995 280 1056 risse
304 991 385 1066 dicit,
411 1003 439 1055 et
463 1011 550 1076 quarn
574 1011 629 1053 nos
653 993 683 1052 in
705 989 783 1052 libro
807 989 1010 1075 metaphysica
1027 993 1070 1052 A.
1086 989 1219 1076 legimus,

208 1104 414 1191 obstupefecit.
462 1104 526 1168 lam
550 1103 678 1168 Krischii
708 1106 843 1168 eximiam
872 1097 1221 1189 disputationem¹)'per·

207 1222 343 1285 lustrasti
358 1221 517 1283 ‘sententia
546 1218 706 1282 doctissimi
731 1219 808 1282 illins
833 1220 904 1293 viri,
934 1217 1042 1282 librum
1067 1218 1222 1304 metaphy-

207 1337 299 1402 sicum
321 1334 456 1397 A.-huic
485 1335 572 1396 tertio
603 1333 639 1396 de
669 1333 858 1419 philosophia
888 1331 964 1396 libro
996 1331 1119 1396 eundem
1147 1353 1220 1407 esse,

206 1452 300 1536 tnagis
323 1451 474 1534 magisque
497 1449 595 1510 animo
619 1469 649 1510 se
673 1449 843 1512 insinuavit.
881 1446 942 1512 Sed
958 1469 1049 1511 unum
1066 1465 1222 1533 argumen-

206 1575 285 1639 tum,
317 1583 376 1647 quo
407 1563 479 1625 haec
509 1565 604 1625 omnis
628 1561 662 1624 lis
687 1561 844 1644 dijudicari
868 1561 990 1637 debeat,
1021 1561 1058 1626 ab
1084 1560 1251 1643 omnibus,

187 1677 312 1737 ,mirum
335 1677 365 1736 in
386 1673 508 1737 'modum
531 1673 696 1760 neglectum
721 1659 871 1738 esso⁸mox
888 1674 1029 1738 intellexi.
1060 1671 1128 1736 Vidi
1145 1675 1221 1736 enirn

207 1791 333 1875 primum
350 1790 479 1852 omnium
496 1783 711 1872 explorandum
729 1809 801 1864 esse,
827 1799 925 1852 utrum
941 1785 1236 1852 Pseudoalexander·

208 1907 270 1968 sivo
298 1913 512 1967 commentator
534 1901 602 1966 libri
628 1904 759 1987 metaph.
784 1907 827 1966 A.
848 1903 943 1968 libros
971 1903 1007 1966 de
1030 1902 1221 1988 philosophia

208 2021 392 2106 cognoverit,
417 2039 517 2082 necne.
553 2018 653 2104 Atque
671 2018 844 2107 Alexandro
868 2020 1011 2104 inspecto,
1037 2017 1118 2081 illum
1142 2037 1222 2100 corn·

208 2145 400 2222 mentatorem
415 2154 476 2195 non
493 2132 583 2195 modo
600 2146 645 2196 tcr
659 2133 757 2196 libros'
771 2133 808 2198 de
823 2132 905 2196 hono
923 2127 1011 2211 (588,
1029 2131 1065 2208 23
1091 2127 1165 2208 616,
1184 2130 1219 2209 2;

93 2263 99 2272 ’
209 2244 284 2322 669,
302 2246 344 2310 28
370 2247 415 2310 cd.
440 2243 540 2327 Bou),
564 2246 617 2310 sed
640 2249 727 2311 ctiam
750 2248 838 2312 semel
862 2242 961 2328 (756,
986 2243 1044 2328 17)
1068 2245 1161 2310 libros
1184 2245 1221 2311 de

208 2359 399 2447 philosophia
422 2360 543 2424 laudare
566 2365 703 2447 cognovi.
748 2363 839 2426 Laeto
865 2365 961 2425 animo
986 2363 1054 2425 hinc
1078 2355 1219 2438 conclusi,

200 2463 274 2540 ‘eum
310 2473 432 2551 librum,
473 2496 558 2561 quem
595 2474 699 2540 Cicero
734 2476 915 2552 laudaverit,
950 2472 1222 2538 Pseudoalexandri

207 2603 341 2676 tempore
363 2612 428 2676 non
450 2592 512 2675 jam
536 2603 650 2677 partem
673 2591 816 2656 librorum
842 2589 877 2654 de
900 2589 1093 2675 philosophia
1114 2588 1220 2667 luisse;

207 2727 274 2770 nem
290 2708 316 2768 si
330 2691 380 2770 itte'
394 2715 537 2770 tractatus
559 2719 672 2792 partem
688 2706 778 2790 hujus
794 2707 893 2790 operis
910 2703 1063 2780 eliecissct,
1087 2703 1221 2768 Pseudo·

209 2819 402 2882 alexandrnm
436 2832 513 2883 certe
548 2821 578 2882 in
605 2819 683 2882 libro
707 2821 750 2880 A.
779 2819 955 2903 explicando
988 2803 1047 2882 tam
1078 2833 1221 2904 cognatae

209 2931 418 3018 disputationis
442 2936 560 3018 saepius
584 2935 760 2996 mentionem
784 2931 932 2997 facturum
955 2931 1045 2996 fuisse
1064 2935 1221 2999 ratiocinio

208 3060 256 3110 tus
280 3067 354 3111 sum.
387 3047 527 3123 Accessit,
553 3046 635 3134 quod
651 3041 864 3131 Sosigencm')‚
891 3045 1042 3112 Ciceronis
1059 3049 1219 3134 aequalem,

209 3163 426 3226 accuratissime
450 3161 486 3226 de
509 3163 701 3248 sphaerarum
725 3163 875 3240 doctrina,
901 3165 930 3225 in
954 3162 1031 3227 libro
1048 3166 1090 3224 A.
1108 3185 1220 3250 propo·

209 3277 281 3349 sita,
312 3279 421 3359 egisse,
453 3277 574 3362 ejusque
601 3276 711 3341 librum
733 3276 917 3363 Simplicium
945 3277 1081 3342 manibus
1106 3280 1221 3343 trivisse

210 3411 247 3454 ex
280 3391 346 3473 ipso
372 3387 532 3475 'Simplicio
570 3409 768 3478 cognoveram
802 3387 872 3472 (Ar.
910 3391 1002 3456 schol.
1034 3391 1079 3454 ed.
1109 3393 1218 3458 Brand.

209 3501 288 3571 llilssl
305 3500 339 3580 13
364 3499 442 3567 500⁸
456 3502 509 3580 tt,
534 3503 623 3583 t393
647 3504 726 3572 501b
739 3504 782 3588 7).
818 3506 991 3594 Sosigenem
1015 3505 1095 3572 illum
1119 3509 1150 3570 iu
1165 3529 1220 3574 nu·

213 3631 424 3644 ι--ο--ι

268 3687 286 3751 ¹)
311 3684 494 3756 Forsehnngen
518 3684 564 3738 auf
584 3685 646 3740 dem¹
660 3686 762 3742 Gebicte
787 3688 833 3742 der
856 3665 923 3742 alten
945 3686 1112 3758 Philosophia
1131 3687 1143 3741 1
1162 3705 1219 3759 pag.

210 3778 368 3834 258-311.

268 3881 287 3944 ¹)
314 3877 402 3931 Alium
424 3879 574 3950 Sosigenem
601 3887 700 3950 praeter
724 3882 887 3935 notissimum
910 3879 984 3936 illum
1007 3883 1219 3950 mathematicum,

211 3967 325 4030 Caesaris
344 3983 423 4032 aetate
441 3975 588 4046 florentem,
606 3995 733 4049 nusquam
752 3978 883 4051 explorare
901 3979 982 4052 potui.
