2962 4770
638 367 793 465 ...Q-

209 547 399 636 perdlllieilis,
416 533 579 632 quo‘paeto
596 544 766 610 universum
783 563 877 631 genus
889 547 1002 630 primae
1013 545 1220 640 philosophiae

209 659 257 740 (ad
282 660 321 727 dv
343 656 363 749 ᾗ
385 656 439 740 ὅν)
468 682 533 724 eum
566 659 706 744 peculiari
735 660 858 725 consilio
888 659 1019 743 ejusdem
1049 659 1222 744 disciplinae

209 777 297 862 (trapi
318 768 478 859 ἀκινήτων
494 778 549 838 καὶ
570 766 700 852 or’tdlmv)
716 772 955 860 conjungendum
973 776 1020 848 sit,
1046 776 1075 838 in
1091 773 1168 838 libro
1185 777 1221 838 K.

209 894 365 978 perspicue
388 889 504 976 quidem
529 901 558 952 et
580 891 722 956 eouolnne
741 901 896 966 tractatur,
922 891 962 954 ita
979 901 1086 964 tamen,
1111 901 1220 951 utnon

211 1007 306 1070 omnis
330 1003 485 1070 difficultas
502 1002 655 1068 enodetur.
690 1001 764 1066 Nam
781 1024 847 1066 eum
864 1004 916 1068 Ar.
933 1006 1032 1068 statim
1048 1016 1117 1088 post
1133 1024 1221 1088 quae,

209 1123 320 1192 stiones
345 1119 524 1204 disceptatas
547 1119 576 1180 in
602 1137 666 1201 cap.
684 1117 718 1181 lll
741 1117 772 1180 id
788 1116 1009 1184 fundamentum
1029 1119 1117 1202 hujus
1135 1116 1222 1181 disei-

209 1235 305 1320 pliuae
323 1235 459 1317 jecisset,
484 1244 518 1295 ut
539 1253 656 1296 omnem
680 1234 895 1326 appositionem
920 1232 958 1295 ad
981 1254 1075 1319 genus
1098 1235 1161 1296 sive
1184 1232 1224 1294 ad

211 1367 270 1426 ens,
296 1333 432 1432 queens,
456 1346 652 1422 contraheret,
675 1345 774 1410 subito
791 1348 822 1409 iu
838 1368 902 1432 epp.
911 1346 962 1411 Vll
979 1349 1063 1432 quasi
1081 1349 1223 1432 tergiver-

210 1475 292 1528 satus
314 1462 392 1526 illam
414 1464 586 1528 sententiam
605 1463 633 1524 in
652 1461 726 1526 bane
742 1461 861 1524 alteram
879 1460 1007 1525 deflectit
1026 1457 1139 1540 (tofina
1151 1457 1222 1540 28):

209 1575 278 1640 duni
300 1573 331 1640 δ’
348 1573 414 1640 ἔστι
435 1599 481 1649 τις
501 1573 653 1659 ἐπιστήμη
669 1574 727 1637 τοῦ
742 1573 834 1648 ὄντος
849 1567 869 1662 ᾗ
885 1571 925 1637 ὄν
939 1579 994 1638 καὶ
1009 1569 1222 1660 χωριστόν,
1285 1599 1287 1604 ·

211 1702 241 1752 et
261 1690 330 1753 bino
353 1688 437 1753 laeile
460 1689 691 1773 disputationem
715 1686 751 1750 de
774 1687 949 1751 substantiis
972 1691 1100 1756 immotis
1120 1710 1154 1752 ae
1170 1712 1222 1776 per

210 1824 241 1866 se
265 1801 461 1868 existentibus
485 1799 676 1888 (χωριστοϊς)
699 1801 769 1866 huie
793 1801 962 1890 disciplinae
986 1804 1125 1868 vindieat.
1162 1803 1224 1870 Sed

210 1920 277 2004 quis
299 1916 449 1982 condonet
477 1917 529 1982 Ar.
554 1917 655 1981 subito
679 1916 797 1980 addenti
830 1922 903 1982 »aui
924 1917 1147 2003 ,apamenum
1171 1920 1223 1983 tali

210 2036 423 2098 euimtratione
446 2033 554 2096 vulnus
577 2034 670 2118 magis
695 2032 824 2108 velatur,
855 2053 943 2120 quam
966 2047 1097 2100 sanatur.
1144 2034 1222 2100 Num

209 2150 329 2212 omnino
353 2147 412 2214 boe
434 2147 590 2212 discidium
614 2147 764 2210 conciliari
788 2151 894 2231 possit,
919 2170 956 2210 an
980 2148 1034 2212 bae
1058 2152 1123 2242 ipsa
1144 2151 1173 2210 in
1190 2171 1221 2214 re

209 2283 322 2326 summa
351 2260 508 2324 difficultas
537 2263 631 2326 omnis
654 2259 861 2346 philosophiae
884 2248 1049 2348 spectetur,
1081 2262 1137 2326 boe
1160 2285 1222 2328 uon

209 2396 305 2440 meum
322 2386 382 2451 est3
407 2377 499 2460 tnagis
518 2387 596 2440 terte
615 2375 711 2460 plaeet
726 2379 812 2454 ratio,
836 2398 924 2462 quam
940 2379 992 2442 Ar.
1010 2380 1040 2442 in
1059 2377 1115 2442 fine
1132 2378 1222 2462 hujus

210 2492 315 2575 capitis
339 2491 418 2554 iniit:
442 2491 498 2551 καὶ
519 2485 671 2552 καθόλου
692 2489 736 2576 τῷ
759 2492 929 2574 προτέραν.

276 2605 455 2688 Quaestione
486 2603 521 2668 de
549 2602 626 2668 libro
656 2609 692 2670 K.
721 2608 890 2690 perstricta,
926 2609 957 2673 in
987 2606 1107 2677 alteram
1136 2607 1222 2673 valde

209 2733 363 2807 cognatam
390 2718 568 2793 delabimur,
598 2731 697 2783 utrum
723 2721 774 2783 Ar.
800 2720 967 2787 uberiorem
990 2720 1222 2810 disputationem

209 2834 352 2899 librorum
366 2833 626 2893 B.1'.E.0mnino
650 2833 794 2915 projicere
819 2847 848 2896 et
871 2838 1077 2920 praecisionem
1095 2849 1124 2898 et
1140 2837 1221 2900 lima·

209 2946 313 3011 tionem
332 2943 444 3008 librum
460 2949 496 3008 K.
516 2947 546 3007 in
571 2967 671 3010 eorum
697 2947 793 3013 loeum
817 2952 998 3015 summittere
1022 2949 1158 3024 voluerit,
1184 2973 1222 3014 an

209 3060 290 3126 illum
313 3059 473 3146 pleniorem
499 3081 618 3148 quoque
642 3073 800 3126 tractatum
814 3075 919 3148 postea
936 3062 1096 3138 elaborare,
1122 3064 1221 3130 limare

209 3188 335 3260 apteque
352 3174 508 3262 disponere
526 3179 709 3264 cogitaverit.
734 3179 779 3245 Ar
791 3183 968 3267 quamquam
985 3179 1074 3244 multa
1092 3178 1222 3243 inlibris

210 3289 287 3348 RE.
301 3286 420 3352 turbata
437 3290 652 3380 dilacerataque
668 3305 746 3368 suut,
765 3314 943 3380 quamquam
959 3295 1106 3363 interdum
1120 3294 1221 3381 dispu-

210 3403 283 3465 tatio
313 3403 400 3467 nlmis
428 3403 458 3464 in
488 3407 588 3488 spinas
618 3428 652 3470 ae
681 3406 800 3474 dumeta
830 3381 973 3494 surrepit,
1005 3411 1096 3472 multa
1124 3381 1222 3474 tamen

210 3527 392 3602 argumenta,
416 3517 445 3578 in
470 3515 545 3582 libro
563 3523 598 3580 li.
622 3523 745 3596 omissa,
769 3525 810 3585 ita
833 3524 874 3587 rei
899 3520 1034 3588 defensae
1058 3499 1222 3609 probabili·

209 3643 297 3698 tatem
321 3643 431 3718 augent
453 3632 674 3719 stabiliuntque‚
699 3649 734 3700 ut
756 3658 832 3722 quae
855 3640 907 3700 vix
931 3640 983 3701 Ar.
1008 3651 1112 3721 postea
1134 3638 1221 3725 plane

208 3767 347 3834 spernere
377 3759 406 3809 et
434 3748 579 3833 projicere
610 3751 639 3810 in
671 3751 767 3813 animo
798 3745 973 3846 babuerit¹).
1021 3749 1081 3816 Sed
1109 3753 1222 3818 aceedit

210 3901 414 3911 ——-..---

267 3987 287 4054 ¹)
304 3985 371 4042 Vide
384 3988 486 4044 bonite.
500 3999 525 4044 et
537 3989 728 4064 Schwegltrum
746 3991 778 4046 ad
790 3992 848 4046 libr.
857 3999 894 4048 Κ.
911 3995 941 4049 de
954 3994 1039 4049 barre
1052 3994 1219 4068 disputantes.
1265 4033 1270 4040 ι
1310 4013 1312 4024 ’

973 4089 1007 4146 3.
