2910 4778
769 382 791 443 d

702 466 862 478 ——n—-

275 549 484 642 extmplorum·
508 553 638 620 nubilus
662 555 737 621 hanc
760 571 826 622 rem‘
846 558 1040 647 comprobare
1064 573 1093 626 et
1116 545 1235 650 longius
1257 577 1287 630 et
1337 568 1338 571 ’

273 670 377 758 parum
406 672 508 759 aptum
538 671 608 736 mihi
632 694 695 738 esse
719 673 884 740 videbatur.
931 677 1032 764 ltaque
1056 681 1153 766 capita
1176 678 1285 746 discre-

273 790 391 873 pantiae
404 784 462 852 'hic
485 807 654 875 proponere
676 791 747 853 satis
771 789 877 855 huben.
907 793 1008 880 Atque
1024 796 1203 861 levissimum
1220 800 1285 884 qui·

273 902 338 966 dem
362 903 516 970 discrimen
540 907 570 968 in
594 925 629 968 eo
653 917 878 990 spectatumut
901 908 1001 973 eadem
1025 911 1117 977 verba
1140 915 1170 976 in
1194 914 1284 978 altera

270 1023 441 1085 recensione
465 1019 582 1085 diverso
597 1020 710 1096 'ordine
734 1043 765 1086 se
788 1024 938 1108 excipiant
961 1020 1053 1104 (98912
1075 1024 1094 1091 9
1119 1027 1183 1092 τῶν
1199 1050 1285 1110 χρω-

270 1133 382 1217 μάτων
404 1135 526 1200 τούτων
547 1135 590 1200 Ab
609 1134 731 1200 τούτων
752 1137 816 1202 τῶν
838 1138 1015 1222 χρωμάτων
1035 1142 1097 1206 rell.
1115 1142 1181 1207 cod.
1199 1140 1283 1208 999³

272 1247 312 1314 17
342 1252 426 1316 εἶναι
456 1251 508 1315 dat
530 1256 584 1315 recl
611 1247 670 1337 τήν
692 1251 800 1316 αἰτίαν
822 1253 864 1318 Ab
894 1253 945 1318 det
965 1278 993 1318 κ.
1010 1279 1036 1320 τ.
1059 1280 1090 1319 α.
1113 1258 1198 1321 εἶναι
1220 1259 1281 1324 rell.
1309 1307 1310 1312 1

270 1365 357 1430 codd.
382 1389 410 1429 u.
425 1389 452 1429 a.
467 1364 519 1450 A),
543 1371 673 1454 gravius,
698 1371 723 1432 si
747 1369 828 1456 quod
843 1369 968 1435 verbum
991 1373 1075 1437 aliter
1090 1373 1220 1438 flectitur
1234 1374 1280 1437 vel

269 1503 392 1547 numero
423 1483 528 1568 plurali
557 1505 623 1547 cum
652 1485 794 1571 singulari
815 1486 863 1576 'vel
890 1487 987 1574 gradu
1010 1490 1189 1574 superlativo
1213 1508 1279 1550 cunr

270 1601 472 1686 comparativo
488 1611 601 1663 mutato
619 1595 710 1679 (990δ
729 1599 771 1664 24
791 1598 918 1665 ἔσονται
934 1603 989 1678 Ab,
1007 1599 1096 1666 ἔσται
1111 1602 1172 1667 rell.
1190 1600 1277 1666 codd.

268 1711 349 1780 992⁵
370 1713 389 1777 3
410 1714 562 1796 θάτερον,
587 1715 629 1779 Ab
648 1710 778 1802 dulceque
792 1718 854 1782 rell.
872 1717 970 1794 codd,
987 1741 1015 1780 κ.
1026 1741 1054 1781 τ.
1066 1716 1124 1801 A),
1148 1719 1277 1792 tertium,

268 1831 293 1894 si
323 1829 423 1893 eadem
451 1851 498 1893 res
522 1829 645 1894 diversis
670 1832 838 1896 nominibus
863 1836 1039 1918 exprimitur
1062 1847 1114 1898 aut
1137 1832 1279 1896 articulus

268 1946 361 2010 aliave
384 1945 529 2032 particula
553 1948 615 2010 sine
638 1969 746 2035 magno
771 1968 874 2011 sensus
892 1949 1003 2012 inflexu
1021 1951 1167 2012 omittitur
1182 1941 1278 2026 (998b

267 2060 288 2125 2
310 2063 479 2146 συνέστηκε
497 2061 538 2125 Ab
558 2059 624 2126 dccl
643 2063 704 2127 rell.
729 2061 816 2126 codd.
836 2059 934 2125 1013δ
957 2061 997 2125 12
1020 2059 1121 2126 ἐνίοτε
1142 2084 1200 2126 om.
1217 2060 1277 2134 Ab,

265 2199 294 2240 ac.
307 2200 335 2240 τ.
350 2173 408 2258 λ.);
433 2192 558 2266 cognata
582 2179 709 2265 denique
732 2179 846 2242 ratione
870 2176 971 2240 eadem
993 2179 1138 2242 sententia
1154 2178 1277 2242 diversis

266 2295 424 2357 structuris
441 2292 606 2358 declaratur
618 2291 710 2374 (9921)
728 2291 768 2356 12
786 2293 816 2356 sl
827 2286 923 2355 doinst
934 2291 977 2356 Ab
985 2289 1043 2356 ἐὰν
1055 2292 1102 2380 δῷ
1114 2294 1175 2358 rell.
1188 2291 1275 2356 codd.

266 2403 345 2470 988⁸
363 2407 383 2474 9
405 2405 509 2493 μόνον
531 2411 680 2493 κέχρηται
701 2407 744 2471 Ab
759 2405 824 2470 doci
846 2433 880 2493 μ.
898 2412 1088 2496 κεχρημένος
1110 2411 1171 2474 rell.
1189 2407 1276 2473 codd.

264 2545 293 2586 κ.
309 2543 335 2585 τ.
352 2520 403 2604 A).
421 2561 456 2576 -
482 2524 576 2611 Atqui
600 2526 740 2589 lectiones
763 2525 853 2610 hujus
876 2530 991 2610 generis
1008 2526 1165 2606 pleraeque
1182 2540 1276 2605 aequa

263 2642 374 2704 virtuto
398 2637 649 2712 commendantur,
676 2639 750 2700 etsi
775 2657 834 2721 quo
860 2637 925 2699 loco
949 2636 1035 2699 lectio
1060 2633 1125 2698 cod.
1145 2633 1188 2697 Ab
1209 2655 1276 2698 ors·

263 2758 373 2820 tionem
396 2753 563 2818 nitidiorem
587 2773 622 2816 ac
644 2753 797 2815 tersiorem
820 2750 933 2827 reddit,
958 2750 1049 2816 altera
1073 2762 1169 2814 tamen
1189 2751 1275 2815 lectio

264 2893 323 2936 non
353 2871 404 2934 tuli
434 2872 662 2933 inconcinnitate
690 2866 822 2942 laborat,
853 2880 888 2931 ut
916 2889 1014 2931 ansam
1039 2868 1275 2954 interpolationis

264 2986 379 3052 dedisse
405 2985 585 3050 aestimanda
601 2987 647 3048 sit.
686 2983 799 3066 Quodsi
816 3003 955 3047 numerus
971 2984 1075 3048 harum
1093 2983 1274 3048 diversarum

262 3103 421 3167 lectionum
451 3102 535 3166 exilis
565 3111 655 3174 esset,
688 3099 780 3160 errori
807 3096 971 3162 scribarum
996 3113 1085 3187 atque
1108 3112 1273 3185 temporum

262 3218 378 3283 vicibus
403 3217 489 3302 culpa
513 3217 651 3300 imputari
674 3226 785 3299 posset.
825 3212 910 3278 Nune
935 3218 964 3277 in
987 3228 1067 3280 tanta
1093 3214 1273 3280 abundantia

259 3354 322 3404 ,non
346 3331 444 3408 video,
469 3331 620 3418 quomodo
644 3351 690 3394 res
713 3329 847 3417 expediri
870 3333 975 3416 possit,
1002 3334 1057 3394 nisi
1080 3332 1119 3394 ad
1142 3332 1275 3396 diversae

262 3451 453 3514 recensiones
476 3449 695 3514 recurrerimus.
743 3444 804 3510 Sed
835 3446 906 3510 haec
930 3445 1143 3532 discrepantiae
1166 3461 1273 3528 genera

262 3587 322 3631 non
347 3555 470 3630 multum
497 3564 611 3628 fructus
634 3564 671 3627 ad
695 3575 809 3628 textum
834 3561 1046 3626 emendandum
1070 3553 1271 3641 suppeditant,

262 3702 315 3746 nce
340 3680 376 3744 de
400 3693 505 3758 aetate,
530 3702 588 3766 qua
612 3700 747 3766 quaeque
770 3681 902 3743 recensio
919 3673 1114 3746 conlectasit,
1140 3691 1195 3733 nos
1211 3691 1272 3734 cer·

261 3799 353 3862 tiores
376 3795 496 3862 faciunt.
531 3795 628 3860 Multo
651 3795 772 3879 majoris
795 3807 891 3859 sutem
913 3789 1052 3854 momenti
1067 3798 1271 3874 argumentum

261 3913 291 3976 in
315 3912 427 3977 lacunis
450 3909 621 3980 alterutrius
644 3913 823 3978 recensionis
849 3907 980 3993 positum
1004 3917 1057 3970 est.
