2910 4778
639 359 779 463 ‚ue

209 589 215 594 -
245 547 275 607 in
299 541 451 608 efficienda
474 564 505 608 re
530 543 605 608 dnae
633 545 783 631 potentiae
811 547 984 632 exigantur,
1014 567 1074 610 una
1097 547 1257 642 quaeriue

246 660 394 750 quandam
424 662 466 725 rei
490 661 611 760 invehat
634 658 852 746 (ποιητικόν),
884 661 989 740 altera,
1021 684 1096 751 quac
1120 662 1255 728 adhunc

244 781 303 842 vim
327 777 544 865 suscipiendam
568 777 675 842 idonea
698 780 737 842 sit
764 773 998 862 (παθητικόν),
1030 783 1164 865 potentia
1187 802 1256 866 pes·

244 897 317 973 sive,
343 915 400 983 qua
424 897 553 982 passiva,
579 916 694 981 semper
717 897 832 960 ratione
856 909 944 972 caret,
969 898 1066 961 activa
1087 893 1186 961 autem
1208 919 1257 960 ra·

224 1013 333 1084 ,tionis
358 1011 466 1075 lumine
489 1011 629 1098 pleraque
653 1017 798 1077 instructa
823 1025 867 1076 est
890 1010 926 1077 cl.
943 1009 999 1077 492
1022 1011 1124 1100 3sqq.
1154 1013 1257 1100 ltaque

244 1140 347 1193 nostro
384 1148 505 1215 quoque
539 1129 606 1192 loco
636 1127 727 1192 verba
762 1139 828 1202 τοῖς
861 1126 939 1193 ἄνευ
974 1127 1071 1208 λόγου
1106 1128 1258 1202 δυνατοῖς

244 1267 303 1308 non
329 1267 345 1308 a
369 1236 526 1308 τοῖναντία
556 1243 607 1308 sed
638 1267 654 1308 a
685 1254 774 1307 ποιεί
799 1266 942 1330 suspensa
971 1267 1035 1310 esse
1065 1244 1255 1310 crediderim:

243 1363 394 1445 potentiae
417 1360 575 1425 rationales
599 1384 646 1426 res
669 1361 834 1425 irrationali
856 1365 990 1448 potentia
1013 1355 1164 1448 prdeditas
1185 1381 1259 1426 eon·
1326 1418 1333 1426 .

244 1479 335 1539 trario
359 1475 448 1539 modo
473 1475 615 1540 alliciunt.

313 1589 413 1657 1049³
444 1588 495 1654 18.
535 1587 618 1653 ἔοικε
641 1590 678 1654 δὲ
706 1591 725 1654 d
754 1590 888 1674 λέγομεν
910 1595 996 1658 εἶναι
1023 1592 1063 1658 οὐ
1086 1593 1160 1658 τόδε
1182 1589 1258 1658 ἀλλ’

155 1747 157 1754 ·
243 1705 406 1784 ἐκείνινον,
431 1703 501 1771 οἷον
522 1703 558 1770 τι)
583 1707 731 1790 κιβώτιον
747 1705 785 1773 uri
802 1705 902 1787 ξύλον
916 1703 1002 1773 ἄλλο)
1019 1709 1158 1786 ξύλινον,
1180 1705 1257 1774 οὐδὲ

243 1822 279 1885 τό
303 1819 405 1898 ξύλον
427 1822 466 1905 γῆ
490 1817 575 1884 ἄλλο)
598 1822 718 1907 γήϊνον,
742 1807 842 1888 πάλιν
865 1823 939 1910 ira*
955 1827 985 1888 ei
999 1825 1098 1900 οὕτως
1113 1821 1156 1911 μ)
1174 1824 1256 1889 ἄλλο

162 1931 165 1934 ’
244 1932 313 1999 ἀλλ’
342 1935 512 2012 ἐκείνινον,
542 1933 593 2000 uici
621 1935 723 2002 ἕκεῒνο
754 1940 890 2023 δυνάμει
920 1934 1032 2013 ἁπλοῖς
1060 1937 1108 2016 τὰ,
1123 1939 1256 2027 ὕστερόν

244 2051 338 2117 ἐστιν.
372 2053 488 2137 Majore
512 2055 749 2140 interpunctione
772 2069 843 2142 post
864 2057 903 2142 γῆ
926 2080 964 2122 cx
987 2057 1254 2145 Trendelenbnrgii

244 2173 342 2256 sagaci
360 2171 529 2255 conjectura
539 2163 559 2252 ¹)
575 2174 673 2257 posita
690 2185 719 2236 et
735 2171 871 2255 δυνάμει
887 2195 924 2238 cx
936 2174 993 2238 lide
1006 2176 1072 2240 cod.
1086 2173 1128 2239 An
1146 2189 1175 2240 et
1187 2175 1256 2240 Ale·

243 2286 364 2350 xendri
382 2289 558 2350 auctoritate
588 2265 701 2350 tantum
732 2310 792 2352 non
822 2303 901 2355 certa
929 2291 1047 2355 sublato
1072 2295 1255 2358 constructio

244 2401 328 2468 lacile
347 2401 513 2488 expeditur.
550 2401 720 2468 Sententiae
740 2407 815 2470 enim
831 2409 872 2471 ita
888 2409 1058 2473 cohaerent:
1083 2409 1155 2473 illud
1172 2433 1252 2487 vero,

244 2541 282 2584 ex
306 2541 365 2607 qno
389 2521 455 2606 ipso
479 2519 559 2582 nulla
583 2542 665 2585 mora
688 2523 886 2589 intercedente
909 2548 956 2590 res
980 2529 1128 2592 enascitur
1150 2523 1182 2601 ld
1198 2525 1252 2588 tr-

241 2637 353 2718 νυμον)
384 2657 444 2699 non
467 2633 545 2696 τόδε
567 2636 619 2698 sed
643 2635 796 2702 ἐκείνινον
819 2653 872 2703 est.
919 2641 1070 2728 Exemplis
1094 2643 1251 2720 deinde'rc

243 2751 403 2826 illustrata,
429 2771 556 2838 quornm
581 2765 744 2817 extremum
768 2750 885 2834 (πάλιν
906 2753 925 2842 ἦ
949 2755 1004 2842 γῆ)
1028 2763 1120 2844 magis
1142 2758 1247 2821 indica-

243 2879 305 2932 tum
330 2889 418 2955 qnam
442 2869 610 2953 expositum
636 2881 689 2945 est,
713 2870 765 2935 Ar.
791 2873 831 2936 ita
855 2876 967 2960 pergit:
996 2875 1102 2961 quodsi
1120 2874 1191 2961 quid
1213 2869 1253 2953 (εἰ

243 2981 362 3064 οὕτως)
392 3005 452 3046 non
483 2983 556 3048 alius
587 2986 738 3070 eujusdam
769 2981 930 3072 praedicati
959 3011 1078 3052 munere
1109 2988 1252 3072 iungitur,

243 3099 294 3164 sed
323 3098 402 3164 flexo
432 3103 549 3164 nominc
579 3097 766 3184 (ἐκείνινον)
802 3101 836 3165 de
866 3103 963 3186 ulique
993 3123 1025 3164 re
1053 3103 1251 3186 praedicatur,

243 3216 292 3280 illa
323 3238 438 3300 semper
467 3229 496 3278 et
525 3219 644 3280 omnino
675 3232 805 3283 extrema
835 3220 954 3281 materia
984 3228 1036 3280 est.
1090 3215 1143 3281 Ar.
1175 3217 1252 3279 enim

244 3331 350 3432 docere
367 3331 440 3406 vult,
465 3332 616 3418 quomodo
633 3347 764 3399 extrema
781 3337 899 3400 materia
917 3326 1086 3421 (προσεχὴς
1100 3329 1173 3417 ὕλη)
1191 3334 1252 3418 jam

243 3471 280 3513 ex
303 3452 492 3536 grammatica
522 3448 615 3514 lorma
646 3453 787 3537 cognosci
818 3465 916 3538 queat.
956 3451 1088 3534 Verbum
1119 3447 1253 3531 δυνάμει

243 3578 341 3630 autem
371 3566 407 3629 ab
439 3567 650 3650 interpolatore
680 3565 809 3653 quodam
840 3567 878 3630 ad
899 3567 1045 3650 ὕστερον,
1074 3567 1174 3653 paullo
1199 3565 1253 3628 ob·

242 3683 357 3746 scuritas
374 3680 498 3754 dictum.
521 3680 667 3765 adjectum
691 3703 753 3745 esse
777 3682 904 3747 videtur.
935 3682 1009 3745 Nam
1033 3705 1098 3746 curn
1123 3674 1253 3744 extrema

242 3801 363 3863 materie
386 3801 457 3877 ipro
479 3817 539 3860 rem
564 3798 695 3883 potentia
719 3797 868 3862 includere
892 3791 916 3877 (ἢ
937 3794 990 3880 15)
1010 3798 1134 3873 dicatur,
1160 3819 1252 3884 copu-

243 3951 246 3958 ’
300 3971 319 4039 ¹)
343 3969 381 4026 De
399 3989 438 4026 an.
457 3991 482 4044 p.
495 3969 556 4028 300.
