2910 4778
693 439 852 448 ——m—

265 542 380 598 textum
395 529 516 607 hahuit,
542 542 570 595 ct
585 530 618 594 Β.
636 549 661 594 c.
674 529 695 593 l.
716 526 795 594 9951)
815 528 837 594 8
857 542 928 617 post
948 527 1089 606 ἅπαντες
1102 532 1174 619 legit
1189 533 1278 599 hacce

266 644 364 733 ἀρχαὶ
386 646 488 710 ταῦτα
510 645 613 730 πάσης
636 643 807 731 ἐπιστήμης
821 639 851 727 ¹).
895 646 960 712 Jam
984 668 1177 735 quaeramus,
1202 671 1278 736 quo·

265 775 342 828 narn
360 777 493 850 tempore
519 762 575 826 hac
598 762 720 826 lacunas
744 775 826 826 ortae
849 765 917 827 sint.
964 763 1064 850 Atque
1087 764 1277 832 librariorum

265 878 383 965 quidem
412 879 498 966 lapsu
528 901 576 942 eas
606 877 699 942 lactas
730 899 792 942 esse
822 877 957 964 equidem
982 899 1042 942 non
1066 878 1214 958 adducor,
1244 896 1278 949 nt

264 994 391 1060 credam.
429 993 503 1060 Naro
526 1016 586 1058 non
609 993 698 1058 modo
722 995 795 1059 tales
819 1016 934 1059 errores
956 994 1034 1058 ultra
1051 994 1139 1060 finem
1149 997 1277 1064 secundi

265 1111 373 1175 saeculi
402 1133 432 1196 p.
459 1109 529 1174 Chr.
554 1133 582 1175 n.
613 1113 675 1174 sive
703 1109 781 1175 ultra
812 1122 936 1175 actatum
966 1109 1129 1175 Alexandri
1156 1113 1276 1196 rejicere

176 1273 181 1286 ,
264 1226 490 1291 audacissimum
521 1239 580 1301 est,
611 1225 774 1292 sedetiam
802 1228 888 1290 nimis
912 1248 928 1292 a
952 1228 1014 1290 veri
1036 1229 1133 1312 specie
1154 1229 1275 1306 recedit,

263 1344 331 1428 plus
354 1342 560 1428 septemdecim
585 1337 766 1421 versus-(u.
789 1341 873 1425 avt)
898 1365 913 1406 a
937 1340 1033 1408 scriba
1058 1342 1187 1429 quodam
1210 1346 1274 1410 solo

265 1459 418 1522 oculorum
441 1459 528 1544 lapsu
551 1460 677 1522 omissos
693 1454 766 1523 csse.¹
794 1458 934 1523 Lacunae
951 1481 1021 1522 sane
1038 1458 1168 1543 ejusdcm
1184 1472 1273 1546 atque

264 1573 338 1638 adeo
362 1575 481 1658 majoris
505 1573 632 1640 ambitus
656 1575 720 1638 aliis
743 1577 774 1638 in
797 1574 971 1640 auctoribus
994 1576 1193 1652 inveniuntur,
1221 1572 1272 1640 sed

262 1711 324 1754 non
350 1689 482 1756 secundo
512 1691 630 1755 saeculo
660 1702 757 1767 ortae,
787 1690 839 1756 scd
862 1713 917 1777 per
944 1691 1061 1778 longam
1091 1691 1275 1756 saeculorum

263 1807 367 1870 seriem
402 1809 549 1891 imperitia
579 1806 743 1870 scribarum
778 1829 901 1894 graecae
931 1807 1075 1872 orationis
1105 1809 1276 1892 ignarorum

263 1922 444 1986 commissae.
481 1921 529 1986 Ex
553 1920 668 1986 diversa
691 1925 783 2008 igitur
798 1925 969 1988 recensione
992 1923 1046 1988 has
1069 1923 1189 1990 lacunas
1205 1945 1275 2010 pro·

263 2035 354 2104 lectas
379 2060 441 2102 esso
460 2037 690 2128 jnressrolligcrn
715 2036 785 2102 milri
808 2038 921 2105 videor.

305 2213 308 2217 .
329 2153 428 2242 Atque
450 2155 577 2218 maxima
594 2175 663 2218 sane
679 2154 784 2220 lacuna
802 2155 842 2216 Θ.
860 2153 933 2239 c.Vl
948 2137 986 2218 ab
1003 2152 1175 2222 Andronico
1190 2155 1274 2222 Rho·

262 2264 342 2349 dio')
365 2271 413 2332 vel
436 2270 492 2334 alio
517 2273 711 2354 peripatetico
736 2269 772 2333 de
795 2268 941 2334 industria
966 2273 1061 2336 omitti
1084 2274 1198 2359 potuit,
1223 2275 1274 2360 qui

263 2383 335 2450 haec
357 2385 462 2460 verba,
494 2385 593 2448 multis
616 2407 650 2448 ac
673 2383 768 2450 foedis
792 2385 905 2450 mandis
928 2387 1076 2472 squalida,
1108 2390 1276 2456 Aristotelis

261 2503 380 2587 ingenio
404 2501 525 2587 indigna
550 2523 612 2566 esse
635 2501 824 2586 judicaverit.
872 2500 1052 2570 Certamen
1076 2524 1128 2568 nec
1151 2503 1189 2568 ad
1212 2503 1275 2566 An·

262 2617 392 2693 droniei,
424 2639 478 2680 nec
502 2617 576 2681 alius
600 2619 775 2704 cujusquam
796 2620 994 2684 recensionem
1017 2614 1202 2700 confugiam,
1228 2617 1274 2682 his

262 2731 381 2798 duobus
405 2715 585 2819 argumentis
609 2733 712 2798 ducor.
759 2731 792 2797 Si
817 2735 889 2821 quid
915 2735 990 2798 enim
1014 2730 1051 2796 ab
1074 2731 1192 2818 ingenio
1217 2733 1273 2796 cri·

219 2887 222 2892 ·
261 2850 320 2914 tico
345 2850 596 2938 expunctum-vel
619 2849 752 2916 additum
777 2862 835 2926 est,
861 2847 1030 2916 Alexander
1052 2848 1188 2933 religiose
1211 2867 1273 2911 non

260 2965 350 3031 modo
374 2989 434 3030 reru
457 2968 552 3051 ipsam
575 2966 628 3031 sed
652 2968 737 3032 etiam
763 2988 880 3041 causas,
912 2965 1020 3050 quibus
1043 2966 1084 3029 illi
1109 2965 1181 3028 moti
1204 2964 1272 3040 sint,

260 3081 365 3160 relert3
394 3083 424 3145 in
453 3081 509 3148 illis
539 3095 636 3147 autem
659 3083 772 3146 lacunis
796 3079 869 3142 nihil
893 3079 1016 3142 relatum
1041 3078 1138 3145 video.
1185 3079 1273 3144 Prac-

260 3211 339 3264 terea
362 3197 491 3290 reliquas
514 3198 635 3276 lacunas
657 3211 776 3284 praetor
791 3216 926 3283 magnam
950 3196 1035 3259 istam
1060 3194 1150 3261 modo
1171 3193 1272 3262 lauda·

265 3347 476 3366 ...η-...-

319 3415 338 3483 Ι)
362 3415 456 3470 Eadem
481 3418 579 3470 ratione
604 3419 697 3470 certior
715 3417 798 3472 factus
819 3431 876 3472 cum
894 3415 1068 3472 Alexandrum
1087 3424 1147 3488 post
1165 3415 1275 3476 ἅπαντες

259 3513 355 3586 legisse
372 3514 472 3585 ιάρχαὶ
489 3516 568 3568 ταῦτα
584 3515 667 3581 πάσης
684 3515 851 3586 sacrom-
871 3516 927 3586 ipse
946 3517 1013 3570 enim
1032 3512 1130 3565 addidit
1147 3515 1174 3566 in
1194 3513 1275 3584 expli·

262 3611 341 3664 cando
366 3611 415 3663 hoc
437 3609 509 3664 loco:
534 3612 632 3665 lainam
656 3613 683 3666 di
702 3614 731 3686 τῇ
746 3615 813 3674 λέξει
832 3612 906 3676 δόξει
923 3608 949 3666 rd
968 3609 1118 3664 ἀκόλουθον
1134 3607 1223 3678 »ydo-
1240 3612 1275 3677 τῷ

259 3708 486 3779 orationessunt
498 3709 560 3762 -emt
569 3709 631 3780 nani
642 3709 693 3764 τῶν
705 3710 815 3785 ἀρχῶν·
840 3711 919 3766 Miror
932 3708 1082 3777 interpretes
1096 3706 1145 3760 hoc
1157 3703 1273 3758 latuisse.

318 3809 338 3873 'l
362 3805 490 3860 Plutarch.
509 3807 562 3860 vita
581 3805 668 3861 Sullae
688 3825 708 3860 c.
726 3808 828 3863 XXVI.
842 3805 1011 3876 Ἀνδρόνικον
1028 3803 1207 3877 εὐπορήσαντα
1223 3801 1275 3855 τῶν

262 3901 436 3977 ἀντιγράφων
453 3907 490 3963 sle
506 3905 588 3976 μέσον
605 3908 698 3961 θεῖναι
715 3905 748 3963 ci.
768 3906 845 3962 Stahr
862 3903 970 3958 Aristot.
984 3901 1019 3958 ll.
1038 3919 1063 3971 p.
1078 3897 1138 3956 tet.
