2962 4770
607 373 744 436 ·bd

648 461 808 472 μ

218 561 250 626 εἴ
267 563 298 620 τι
319 553 503 644 ἀδιαίρετόν
526 551 620 618 ἐστιν.
666 552 745 618 Haeo
769 552 860 618 verba
890 551 1025 641 e'quidem
1049 574 1108 617 non
1133 555 1229 640 cepio.

216 674 290 742 Nem
314 696 381 740 eum
405 675 476 759 ipsis
501 673 643 758 proximis
660 669 758 734 verbis
782 673 925 735 unitatem
949 683 978 734 et
1000 692 1154 736 numerum
1178 692 1232 756 op-

218 794 315 879 posite
338 813 403 855 esse
419 790 469 854 Ar.
487 788 613 854 dixisset
636 783 659 868 (²
675 783 718 867 l),
743 809 796 874 per
811 809 841 852 se
866 799 948 873 petet
971 807 1031 850 non
1054 807 1143 851 nnem
1161 786 1242 876 elte-⁸

219 929 318 973 remve
349 909 488 970 unitatem
522 905 574 969 sed
597 925 633 967 ne
657 904 744 968 ullem
758 904 886 992 'quidem
910 907 1052 968 unitatem
1077 924 1231 968 numerum

220 1045 291 1088 esse.
337 1022 439 1109 Neque
468 1022 526 1085 hoe
556 1020 622 1084 loeo
650 1015 685 1084 ed
707 1023 743 1084 ἓν
766 1021 802 1086 de
826 1023 938 1085 nnitete
961 1018 1179 1084 multitudinem
1202 1023 1231 1084 in

218 1163 249 1204 se
279 1139 440 1204 includenti
471 1135 612 1223 explicari
635 1148 749 1222 potest,
782 1137 1021 1224 quandoquidem
1050 1149 1146 1201 toturn
1174 1137 1233 1201 hee

220 1268 310 1340 eaput
331 1258 361 1318 in
384 1258 451 1341 ipso
474 1252 533 1317 boo
556 1251 722 1316 discrimine
747 1255 869 1318 unitatis
893 1251 1150 1339 multitudinisque
1166 1274 1233 1338 pre·

220 1371 326 1437 mendo
350 1382 493 1435 versetur.
539 1369 641 1456 ltequo
665 1369 814 1455 vulgetem
843 1369 998 1434 lectionem
1027 1370 1148 1454 rejicere
1171 1389 1233 1433 non

219 1487 334 1552 dubito.
378 1487 443 1550 Jem
466 1487 491 1548 si
514 1486 606 1551 verbe
629 1480 771 1570 ἀριθμός
793 1483 878 1548 ἐστιν
902 1488 1006 1572 ejicere
1029 1487 1139 1562 liceret,
1164 1497 1233 1570 epte

218 1603 362 1668 sententia
385 1603 449 1666 eliei
472 1615 583 1688 posset.
619 1600 772 1686 Suppletis
795 1603 871 1666 enim
895 1597 1027 1686 ἀριθμῷ
1049 1598 1232 1676 ἀντίκειται,

181 1782 186 1788 ,
219 1717 268 1780 hio
292 1739 394 1782 sensns
419 1717 565 1802 prodiret:
594 1715 705 1779 ideireo
728 1737 791 1778 non
813 1715 960 1802 quidquid
983 1737 1074 1780 unum
1098 1729 1151 1791 est,
1179 1737 1234 1781 nu·
1336 1760 1339 1780 .

221 1853 301 1896 mern
326 1833 439 1918 opponi
463 1830 559 1907 debet,
584 1842 618 1894 ut
639 1833 664 1894 si
681 1829 752 1917 quid
768 1830 947 1896 indivisibile
963 1845 1016 1897 est.
1052 1832 1233 1900 indivisibile

220 1921 428 2029 (α’διαίρετον)
453 1950 538 2022 enim,
564 1968 622 2033 que
637 1946 824 2024 indivisibile,
850 1971 910 2014 non
926 1970 1049 2013 numero
1067 1949 1119 2014 sed
1136 1949 1233 2014 multi·

218 2065 314 2130 tudini
330 2059 475 2148 (πλήθει)
492 2066 605 2149 opponi
621 2064 672 2129 Ar.
688 2062 744 2128 542
761 2063 803 2129 23
815 2086 880 2151 sqq.
901 2065 1052 2132 docuerat.
1084 2064 1145 2130 Sed
1160 2067 1234 2130 haee

218 2181 362 2274 medicine
386 2191 414 2244 et
430 2180 589 2244 violentior
605 2192 691 2255 esset,
716 2191 746 2244 et
768 2182 908 2243 omissum
933 2176 953 2270 ᾗ
977 2172 1160 2265 ἀδιαίρετον
1184 2181 1234 2244 de-

220 2295 408 2358 sideraretur.
450 2295 587 2360 Fortasse
611 2298 704 2382 igitur
726 2317 792 2360 eum
816 2296 962 2361 levissime
985 2297 1064 2361 nulle
1087 2296 1147 2361 fere
1170 2319 1234 2362 mu·

220 2413 332 2477 tetione
355 2407 543 2474 scribendum
568 2422 625 2473 est:
650 2407 700 2474 ded
718 2404 757 2474 od
779 2412 846 2476 πᾶν
869 2413 886 2475 ὃ
911 2409 987 2502 ἄνῇ
1010 2416 1068 2476 ἕνα
1091 2409 1234 2497 ἀριθμός

218 2523 303 2591 ἐστιν
318 2528 418 2614 itaque
443 2503 502 2590 non
527 2525 717 2613 quidcunque
741 2527 847 2590 multus
869 2541 968 2613 partes
992 2525 1075 2607 (ἕνα)
1092 2533 1232 2606 eontinet,

219 2665 358 2708 numerus
387 2655 445 2720 est,
476 2655 510 2708 nt
539 2645 563 2708 si
596 2642 668 2730 quid
697 2643 876 2708 indivisibile
907 2659 959 2710 est.
1007 2643 1129 2710 Numeri
1158 2648 1234 2709 enim

218 2774 353 2825 naturam
376 2763 406 2824 in
430 2782 465 2824 eo
490 2762 633 2844 spectari,
659 2773 693 2822 ut
716 2782 778 2823 eam
803 2761 1035 2838 multitudinem,
1062 2783 1150 2848 quem
1166 2741 1240 2826 uni-¹

220 2887 266 2936 tes
288 2878 449 2948 metiretur,
474 2873 651 2955 designaret,
676 2875 729 2934 Ar.
747 2873 920 2937 definiverat
935 2872 959 2955 (³
977 2875 1087 2955 2-6).
1119 2877 1233 2956 Quodsi

221 3009 296 3076 quae
320 2989 411 3052 moles
434 2989 463 3051 in
488 2987 618 3075 singulas
642 2987 802 3074 particulas
827 2987 966 3054 dissecari
991 2991 1109 3076 nequit,
1140 3012 1173 3053 en
1196 3012 1235 3054 ex

220 3108 334 3170 numeri
350 3105 463 3172 ambitu
480 3103 663 3170 excludenda
682 3116 735 3179 est,
752 3107 888 3190 quemvis
905 3126 943 3168 ex
956 3105 1089 3191 enelogie
1104 3108 1234 3168 omnium

122 3231 126 3238 '
222 3235 410 3306 extensorum
434 3243 594 3308 corporum
618 3220 911 3307 multe-corpuscula
935 3221 1070 3285 involute
1094 3220 1211 3286 babeat.

291 3323 389 3400 1'0582
407 3335 437 3400 6.
468 3333 591 3420 ἀνάγκη
620 3333 687 3422 ἄρα
716 3331 774 3420 τὴν
798 3331 964 3421 διαφορὰν
986 3336 1106 3421 ταύτην
1129 3334 1236 3423 ἑτερό-

222 3474 300 3534 τητα
321 3450 381 3514 τοῦ
401 3452 513 3530 γένους
535 3451 626 3514 εἶναι.
673 3453 747 3519 Cum
778 3447 939 3538 disputatio
972 3474 989 3514 a
1019 3463 1099 3515 eerto
1130 3474 1236 3538 genere

223 3565 404 3654 ἑτερότητος
418 3559 420 3564 ’
431 3566 637 3654 proficiscetur
659 3564 728 3650 (stt
745 3567 796 3634 37.
820 3564 860 3632 ed
884 3570 977 3656 ireque
999 3568 1044 3658 uqi
1067 3565 1173 3650 efflet),
1208 3581 1236 3633 et

222 3707 348 3775 sequens
372 3686 540 3770 propositio
565 3706 581 3746 e
607 3681 751 3770 διαφορᾷ
773 3683 964 3764 τοῦγένους
988 3707 1049 3748 non
1072 3687 1110 3752 eb
1127 3680 1236 3768 ἑτερό-
1318 3679 1324 3690 ’

223 3825 290 3885 τητι
313 3801 463 3878 ordietur,
493 3801 630 3886 suspicor
660 3799 814 3885 legendum
844 3824 906 3866 esse
935 3795 1061 3885 ἀνάγκη
1089 3795 1156 3886 ἄρα
1178 3794 1237 3886 τὴν

226 3913 392 4004 ἑτερότητα
415 3911 535 4001 ταύτην
560 3910 726 4001 διαφορὰν
748 3916 805 3980 τοῦ
827 3919 939 3996 γένους
961 3918 1054 3983 εἶναι.
