2910 4778
601 447 758 462 m

177 561 235 616 tem
250 543 289 610 ob
306 545 424 612 criticas
438 541 580 632 quondm
597 539 785 606 difficnltates
801 537 892 606 laetas
908 559 972 604 csse
988 559 1074 625 nego.
1106 536 1186 621 Quid

176 665 251 728 enim
281 660 387 726 verba:
431 656 534 734 »o'ltooc
561 681 595 722 cs
622 654 797 722 ἀλλοίωσιν
824 650 1033 741 ἀναιρεῖσθαι
1062 649 1185 739 ἀνάγκη

176 752 242 852 ταῖς
264 775 347 842 οὕτω
372 774 532 856 λέγουσιν·
557 770 595 839 ori
617 769 681 860 reip
704 771 739 836 ἐκ
760 773 889 857 θερμοῦ
912 765 1043 856 ψυχρὸν
1058 765 1135 834 ctat
1152 767 1186 834 da

155 923 157 926 ·
177 892 307 977 ψυχροῦ
328 885 456 974 θερμὸν
470 887 568 954 ἔσται.
601 893 631 953 el
647 885 712 975 γὰρ
727 885 771 952 ἄν
786 879 871 952 αὐτοὶ
886 886 1007 967 πάσχοι
1020 881 1186 962 τάναντία,

178 1011 233 1072 καὶ
259 1010 306 1081 τὶς
332 1004 376 1072 ἄν
397 1010 446 1092 εἴη
474 1010 533 1090 pta
563 1005 658 1091 φύσις
686 998 706 1089 ἦ
729 1005 900 1088 γιγνομένη
923 1003 987 1088 πῦρ
1011 1004 1065 1066 καὶ
1087 998 1186 1088 ὕδωρ,

177 1124 194 1188 d
210 1122 331 1197 decateron
345 1121 383 1186 οὔ
398 1136 532 1207 ponere·
564 1118 642 1188 989·
659 1117 806 1196 26-30,
831 1119 869 1183 ab
886 1119 1057 1184 Alexandro
1075 1131 1104 1184 ct
1119 1117 1186 1184 cod.

177 1239 219 1304 Al
239 1242 360 1315 omissa,
384 1238 503 1313 habent,
528 1237 609 1324 quod
632 1236 825 1302 subtilitatem
841 1237 896 1300 viri
920 1237 1013 1300 critici
1037 1232 1187 1300 offendat?

178 1353 210 1444 Si
233 1355 415 1441 grammatici
438 1353 564 1417 illorum.
577 1348 691 1417 dierum
707 1365 765 1417 tam
784 1350 920 1416 subtilem
938 1351 1034 1415 crisim
1051 1371 1188 1416 exercerc

178 1470 355 1546 voluissent,
389 1469 479 1534 multo
509 1472 602 1556 magis
631 1469 705 1534 alios
733 1468 816 1533 locos
839 1467 983 1532 librorum
1008 1467 1188 1553 metaphysi-

176 1607 278 1652 eorum
308 1607 418 1652 rexere
449 1585 629 1652 debuissent.
677 1585 797 1668 chccta
826 1586 918 1670 igitur
946 1583 1001 1649 irae
1032 1583 1187 1658 sententie,

177 1701 343 1778 videamus,
374 1701 445 1788 quid
473 1703 530 1787 ipsi
553 1713 667 1766 veteres
691 1711 935 1763 commentatores
959 1698 995 1761 de
1018 1699 1189 1762 recensione

177 1816 284 1882 horum
299 1817 443 1882 librorum
460 1814 644 1880 tradiderint.
669 1814 768 1900 Atque
780 1813 980 1889 Aristotelem,
1000 1825 1188 1900 praemature

177 1944 271 1997 morte
300 1944 448 2017 ereptum,
483 1929 577 2001 ¹libros
608 1929 827 2016 metaphysicos
856 1928 1004 2020 Eudemo,
1041 1929 1188 2016 discipulo

176 2066 246 2122 suo,
283 2045 439 2112 tradidisse
472 2065 531 2112 non
561 2044 649 2110 modo
680 2058 750 2113 nota
780 2045 909 2132 Asclepii
939 2038 1188 2127 narratiuncula¹l

176 2160 228 2226 sed
256 2163 341 2227 etiem
371 2165 576 2248 gravissimum
606 2164 807 2228 testimonium
830 2161 994 2226 Alexandri
1018 2162 1064 2226 vel
1087 2163 1188 2245 potius

177 2272 483 2359 Pseudoatexandri')
514 2277 615 2344 docet:
653 2279 707 2342 καὶ
735 2277 825 2360 οἶμαι
854 2280 908 2340 arnt
930 2274 1033 2342 ταῦτα
1056 2274 1188 2351 ἐκείναις

178 2385 245 2453 ἔδει
268 2384 502 2454 συντάττεσθαι
524 2385 764 2468 nullomolesti
788 2395 848 2476 μὲν
859 2388 1097 2476 Ἀριστοτέλους
1112 2407 1189 2458 συν-

176 2505 324 2570 τέτακται
346 2549 396 2568 ...
419 2499 483 2570 ὑπὸ
501 2504 538 2568 di
552 2501 610 2571 cod
625 2503 778 2592 Εὗδήμοα
793 2507 989 2588 κεχώρισται.
1022 2509 1054 2572 ln
1071 2509 1189 2574 Aristo·

177 2621 242 2688 talis
270 2624 346 2687 enim
376 2621 549 2708 exemplari,
587 2635 621 2688 ut
655 2625 706 2709 qui
736 2621 790 2686 hos
819 2621 912 2687 libros
941 2634 1104 2688 retractans
1134 2624 1190 2688 alia

177 2741 354 2814 eorrexerit,
379 2738 435 2804 alia
458 2759 537 2802 nova
559 2737 714 2823 adjecerit,
740 2739 796 2802 alia
817 2738 943 2824 denique
960 2737 1083 2804 delenda
1099 2739 1190 2824 signi·

176 2853 323 2927 floruerit,
348 2854 437 2917 multa
462 2854 573 2916 incerta
596 2865 684 2939 etque
701 2851 825 2935 Eudemi
848 2874 935 2918 manu
960 2856 1076 2940 egentia
1100 2852 1189 2918 luisse

178 2964 325 3034 videntur.
364 2966 434 3032 lnde
458 2965 564 3053 colligo
588 2966 734 3053 duplicem
758 2971 957 3034 recensionem
982 2991 1132 3035 emanasse
1151 2991 1189 3034 ex

176 3086 242 3170 ipso
266 3083 435 3150 Aristotelis
465 3083 633 3170 exemplari.
674 3082 736 3148 Vae
765 3085 936 3150 temeritati!
976 3085 1106 3172 undique
1137 3106 1189 3150 ex·

177 3201 295 3266 clamari
318 3199 417 3266 audio.
453 3197 514 3266 Sed
536 3201 601 3278 isti,
626 3220 737 3287 quaeso
761 3222 797 3266 ne
821 3200 1004 3266 ardentiores
1020 3201 1089 3266 sint.
1124 3201 1189 3287 lpse

236 3417 254 3484 ¹)
280 3415 366 3471 Schol.
386 3416 425 3469 ed.
446 3418 513 3472 acad.
532 3437 555 3488 p.
569 3417 634 3476 519⁶
650 3415 686 3476 38
698 3435 755 3490 sqq.

234 3516 254 3584 ¹)
278 3533 302 3586 p.
319 3510 379 3578 483,
398 3511 434 3567 ts
452 3493 509 3584 sqq.
530 3515 568 3566 ed.
587 3515 652 3570 Bon.
679 3517 801 3571 Lectores
820 3516 933 3569 monitos
952 3514 1042 3580 velim,
1066 3532 1105 3570 me
1126 3516 1188 3570 allas

177 3613 308 3668 brevitatis
333 3627 408 3665 causa
424 3611 597 3665 Alexandrum
623 3622 647 3667 et
666 3613 936 3668 Pseudoalexandrum
955 3631 1006 3667 nou
1031 3613 1188 3678 distinxisse,

176 3711 289 3765 Bonltzli
308 3709 449 3781 exemplum
464 3718 587 3764 secutum.
614 3711 802 3784 Antiquisslmo
823 3719 889 3767 certe
902 3721 927 3766 ct
939 3713 1102 3784 integerrimo
1115 3719 1187 3765 textu

177 3815 398 3863 commentatorem
423 3811 594 3879 posteriorum
616 3808 739 3866 librorum
763 3829 839 3868 usum
864 3828 920 3865 case
943 3817 1032 3883 postea
1055 3808 1188 3881 permultis

178 3902 241 3960 locis
261 3907 351 3964 doecre
370 3907 489 3964 conabor.
