2910 4778
677 326 837 456 ...u-

253 535 295 600 Aa
312 535 504 603 omittendum
529 559 591 604 asse
615 557 730 616 censeo,
754 536 833 603 unde
856 536 904 602 hic
927 557 1032 604 census
1056 541 1168 606 existit:
1200 545 1263 607 eui·

253 655 298 716 vis
322 656 396 717 enim
421 656 548 720 orationi
573 653 771 742 designandae
794 654 919 742 simplex
943 677 1050 722 nornen
1066 659 1191 722 inveniri
1206 679 1262 746 pu-

253 781 319 836 test.
351 769 432 838 Neve
447 771 597 861 vulgatam
613 773 767 836 lectionem
780 769 942 836 Alexandri
958 777 1134 840 auctoritate
1149 786 1261 851 tueare,

254 887 364 974 qnippe
388 890 439 976 qui
461 882 580 954 ταύτόν
603 895 760 974 σημαῖνον
781 888 886 974 legisse
910 887 1057 955 videatur.
1203 873 1206 880 ¹

322 1001 423 1069 1030¹³
447 1001 497 1070 18.
526 1007 580 1068 καὶ
602 996 642 1068 οὐ
664 999 747 1068 κατὰ
771 1003 967 1090 συμβεβηκός
988 1027 1025 1082 ys
1047 997 1127 1068 οὔθ’
1151 1003 1170 1090 ἢ
1195 1027 1264 1070 ιιοι-

253 1116 346 1204 λότης
368 1113 448 1184 otu'
469 1116 488 1204 ἢ
513 1119 639 1204 σιμότης
668 1119 781 1193 πόθος
801 1118 856 1203 τῆς
878 1115 974 1203 ῥινός.
1019 1119 1087 1184 Νοο
1110 1139 1164 1207 per
1188 1125 1264 1186 acci·

254 1235 325 1300 dens
354 1235 407 1300 sed
435 1256 490 1322 per
512 1257 543 1300 se
566 1231 663 1316 (καθ’
682 1230 781 1315 αὑτό)
803 1234 987 1300 substantiae
1017 1235 1168 1300 inhaerere
1196 1235 1263 1314 dici,

254 1372 380 1437 quorum
404 1354 434 1414 in
450 1352 672 1416 definitionibus
693 1351 886 1426 substantiae,
911 1351 1090 1438 quibuscum
1106 1354 1265 1438 cunjuncta

253 1468 326 1542 sint,
357 1469 522 1531 necessarie
552 1469 612 1530 sint
634 1457 841 1543 assumendae,
872 1487 910 1529 ex
934 1466 1075 1552 exemplis
1098 1469 1147 1532 hie
1170 1468 1265 1534 allatis

254 1581 402 1670 colligitur
423 1595 452 1646 et
474 1595 574 1668 aperte
598 1581 722 1646 docetur
745 1603 791 1646 an.
811 1593 890 1667 post.
907 1579 945 1646 A.
963 1603 987 1646 e.
1004 1581 1045 1645 lV
1069 1580 1126 1646 73³
1139 1582 1180 1648 37
1198 1605 1263 1672 sqq.

254 1703 307 1764 καὶ
335 1696 422 1774 ὅσοις
449 1701 513 1763 τῶν
534 1693 785 1784 ἐνυπαρχόντων
807 1693 916 1772 αὐτοῖς
946 1689 1031 1762 arisel
1055 1696 1090 1762 όν
1112 1703 1156 1786 τῷ
1179 1698 1264 1788 λόγῳ
1310 1705 1314 1710 ’

254 1812 469 1898 ἐνυπάρχουσι
490 1814 586 1901 τῷτί
608 1813 673 1878 όστι
696 1811 855 1898 δηλοῦντι.
891 1811 951 1879 Sed
975 1816 1121 1880 cavositas
1144 1837 1204 1880 nen
1222 1818 1263 1882 ite

255 1943 299 1995 est
327 1943 513 2016 comparata,
544 1944 579 1995 ut
608 1929 643 1996 dc
667 1952 727 1995 uno
752 1951 824 1996 naso
849 1929 965 1996 adunco
990 1931 1121 2009 dicatur,
1150 1932 1202 1996 scd
1224 1929 1262 1995 ad

255 2069 368 2112 emnem
397 2069 457 2112 rem
487 2068 605 2124 eutem,
636 2067 831 2136 quaecunque
859 2047 987 2135 denique
1017 2046 1117 2124 luerit,
1152 2046 1263 2132 pariter

253 2163 355 2230 relerri
379 2176 486 2252 potest.
506 2177 509 2182 '
532 2165 634 2252 Itaque
657 2164 748 2230 verba
772 2159 851 2227 οὐθ’
873 2159 891 2248 ἢ
916 2162 1059 2249 κοιλότης
1082 2153 1172 2239 οὔθ’,
1195 2183 1262 2249 per·

254 2302 338 2344 verse
368 2303 406 2345 ex
434 2280 680 2368 praecedentibus
709 2275 739 2361 (a
758 2277 815 2362 17)
845 2280 963 2365 illapsa,
1000 2279 1173 2366 expellenda
1202 2299 1264 2344 esse

255 2418 370 2465 censeo..
851 2369 859 2380 κ

324 2509 422 2578 1031·
437 2511 489 2578 25.
514 2508 586 2576 ἀλλ’
604 2515 680 2590 ἴσως
702 2509 734 2592 γ’
749 2511 851 2578 exstem
869 2511 993 2590 δόξειεν
1008 2509 1051 2576 ἄν
1066 2509 1262 2593 συμβαίνειν,

254 2627 295 2694 τοὶ
314 2627 398 2714 ἄκρα
419 2630 589 2708 γίγνεσθαι
603 2623 705 2692 retitui
721 2624 802 2691 nasei
820 2627 1023 2712 συμβεβηκός.
1056 2625 1272 2720 Terminorum

255 2755 453 2810 extremorum
477 2741 554 2824 (τόν
569 2738 721 2830 exeunt)
744 2757 843 2831 partes
865 2748 900 2809 in‘
919 2741 1105 2832 praecedenti
1129 2741 1261 2828 example

254 2865 327 2929 hace
357 2857 417 2926 du‘o
447 2860 630 2948 praedicata:
666 2853 836 2948 ἀνθρώπῳ
862 2861 947 2926 εἶναι
970 2875 998 2927 et
1022 2855 1056 2925 τὸ
1081 2857 1183 2946 λτνιιηῖ
1206 2853 1264 2920 οἷν-

254 2977 380 3064 ennae
396 2978 479 3042 εἶναι
502 2977 540 3042 ad
555 2999 648 3043 unum
664 2977 830 3063 subjectum
849 2975 941 3041 relate
957 2980 1168 3040 sustinuerant.
1205 2971 1267 3036 Sed
1357 3035 1359 3040 ,
1451 3045 1452 3048 ¹

256 3115 321 3160 cnm
350 3095 422 3160 haer
446 3093 565 3182 quidem
594 3115 654 3158 non
684 3096 795 3180 pariter
819 3093 855 3158 de
883 3112 915 3154 re
938 3089 1072 3173 subjecte
1095 3086 1267 3172 praedicen-

255 3225 314 3287 tur,
339 3224 428 3298 atque
450 3211 527 3274 hane
549 3212 643 3296 ipsem
666 3209 705 3274 eb
721 3229 838 3274 reusam
854 3207 970 3272 termini
985 3204 1092 3266 inverti
1107 3210 1265 3288 nequeant,

255 3329 324 3392 hinc
347 3311 483 3392 concludi
506 3349 565 3393 nen
589 3340 690 3415 potest
712 3326 834 3391 alterum
858 3322 941 3386 alteri
964 3319 1041 3386 idem
1063 3317 1169 3383 valere.
1206 3313 1267 3382 Sed

256 3449 281 3511 si
303 3443 472 3533 praedicata
502 3449 542 3512 ite
566 3456 737 3533 comparata
760 3450 844 3517 sunt,
875 3452 909 3505 ut
932 3451 1096 3538 utrumque
1114 3457 1170 3523 per
1192 3433 1266 3498 acci-

257 3563 328 3630 dens
351 3563 390 3628 ad
412 3561 576 3646 subjectum
599 3561 745 3627 referatur
768 3553 850 3640 (οἷον
872 3551 909 3622 τό
924 3595 966 3646 f·
988 3555 1072 3618 eluat
1094 3576 1123 3616 v.
1141 3548 1193 3626 27,
1211 3544 1267 3630 28)

256 3682 360 3747 vitium
396 3682 425 3743 in
461 3675 636 3764 praedicetis
667 3689 752 3741 antea
781 3676 885 3740 sumtis
913 3673 1101 3736 commissum
1129 3665 1265 3730 evitetur.

316 3923 334 3992 1)
359 3923 390 3976 ri.
408 3923 511 4012 waitz,
530 3935 585 3995 erg.
598 3919 625 3988 1,
643 3915 704 3976 382.
