2962 4770
610 337 772 492 „ng

185 573 395 640 arithmeticam
419 571 455 636 de
478 575 619 658 potentiis
643 595 729 660 agere
751 573 871 636 monuit
889 569 1019 640 104617
1042 572 1193 657 καθάπερ

184 688 220 754 ἐν
238 692 415 774 γεωμετρίᾳ
433 691 493 752 καί·
504 684 628 754 duranci
644 694 698 752 καί
718 685 868 754 ἀδύνατα
890 688 1024 772 λέγομεν
1045 694 1089 778 τῷ
1111 691 1197 754 εἶναί

184 827 251 881 πως
266 807 286 890 ἢ
301 804 344 890 μὴ
360 799 482 888 εἶναι’).
508 806 609 893 ltaque
625 801 664 869 od
679 801 827 882 δυνατὸν,
852 819 995 872 commate
1011 829 1027 870 a
1043 806 1193 893 prioribus

185 924 359 1007 sejunctum,
384 933 533 1009 tamquam
554 945 645 988 unum
664 924 829 1010 exemplum
855 925 953 998 exiis,
977 945 1052 1010 quae
1072 923 1192 998 bomini,

186 1019 271 1104 stidm
302 1039 327 1102 si
356 1036 543 1102 indivisibilis
575 1052 664 1116 esset,
694 1041 895 1114 inhaererent,
926 1039 1019 1104 levius
1047 1039 1193 1126 adjectum

184 1177 247 1220 esse
279 1153 406 1220 videtur.
447 1153 507 1219 Sed
537 1153 659 1232 dubito,
690 1179 760 1220 num
790 1159 853 1244 ipse
882 1156 1005 1221 haerens
1032 1155 1095 1219 aliis
1119 1155 1194 1220 hauc

185 1269 411 1358 explicationem
434 1270 568 1357 probem.

255 1384 354 1450 1082ι
369 1386 420 1452 37.
441 1383 510 1472 oium
522 1388 552 1450 ei
561 1386 602 1450 ιὰ
618 1385 682 1473 ζῷα
697 1391 778 1473 <pain
791 1411 838 1459 τις
849 1389 1038 1466 συγκεῖσθαι
1049 1383 1083 1449 dx
1096 1384 1192 1472 ζῴων,

184 1502 214 1566 εἰ
240 1501 363 1567 τούτων
392 1501 476 1566 ἰδέαι
504 1503 593 1568 εἰσιν.
630 1503 678 1568 llx
706 1527 755 1581 eo,
787 1503 868 1590 quod
897 1503 1030 1590 singulm
1053 1502 1193 1568 monades

184 1640 373 1684 numerorum
390 1618 526 1684 idealium
549 1633 577 1684 et
593 1623 674 1706 ipsae
698 1620 780 1682 ideae
796 1623 865 1698 siot,
887 1631 1114 1683 cousentaneum
1131 1641 1194 1682 esse

185 1734 237 1796 Ar.
255 1733 355 1810 docet,
386 1757 433 1798 res
457 1754 576 1820 qunque
599 1737 694 1818 ipsas,
720 1754 845 1819 quarum
869 1733 951 1797 ideae
973 1745 1132 1818 ponantur,
1156 1754 1194 1796 cx

184 1846 321 1933 pluribus
344 1849 434 1913 rebus
458 1862 603 1925 constare,
628 1848 787 1914 absurdam
811 1860 909 1914 autem
933 1849 1008 1914 hanc
1029 1849 1192 1914 doctrinam

185 1985 247 2028 esse
276 1964 366 2029 rebus
395 1968 467 2051 ipsis
497 1965 606 2030 affatim
635 1965 773 2053 probari3
803 1968 868 2053 quis
899 1969 973 2030 enirn
1003 1987 1063 2030 non
1090 1965 1195 2030 illudat

184 2079 305 2156 homini,
330 2081 437 2146 animal
460 2103 498 2146 ex
521 2082 696 2147 animalibus
712 2095 849 2147 constare
865 2082 982 2146 dicenti.
1018 2082 1194 2167 Hucusque

184 2199 282 2260 omnia
310 2195 398 2282 plana
430 2211 518 2285 atque
549 2201 693 2264 concinna
721 2209 806 2272 sunt,
840 2196 1012 2282 languidum
1044 2209 1141 2261 autem
1165 2208 1194 2260 et

185 2307 266 2375 lutile
290 2312 520 2378 additamentum
551 2315 601 2377 »ei
620 2312 743 2378 cedema
765 2312 851 2378 ἰδέαι
873 2312 972 2377 εἰσιν
1003 2312 1121 2400 pondus
1147 2334 1194 2376 ar·

108 2462 113 2470 -
184 2427 414 2511 gumentationis
437 2429 541 2490 mirum
561 2443 702 2515 quantum
720 2429 861 2494 debilitet.
891 2431 1106 2518 Atque-spuria
1122 2430 1194 2493 haec

183 2540 274 2604 verba
312 2563 374 2606 esse
408 2541 605 2630 discrepantia
634 2543 720 2608 codd.
745 2558 774 2609 et
803 2543 964 2608 editionum
989 2545 1050 2628 jam
1080 2558 1192 2608 monet:

184 2656 243 2722 Sed
274 2662 336 2748 ipse
360 2659 458 2737 Alex,
487 2660 567 2747 apud
592 2682 677 2747 quem
701 2661 812 2726 nullum
837 2661 943 2725 horum
968 2659 1126 2724 verborum
1150 2662 1194 2724 iu·

184 2774 292 2840 dicium
318 2789 429 2853 exstat,
455 2779 534 2840 viam
559 2777 743 2862 corruptelae
767 2791 920 2842 monstrat.
960 2779 986 2840 ls
1010 2779 1100 2853 enim,
1124 2790 1194 2863 post

185 2887 250 2972 ζῷα
278 2889 532 2975 distinguendum,
564 2889 668 2952 deinde
698 2893 780 2974 poio
809 2915 854 2964 τις
879 2925 918 2935 -
944 2889 1033 2978 ζῴων
1059 2891 1194 2956 addenda

75 3027 79 3032 ·
186 3026 248 3068 esse
272 3007 374 3068 suasit.
410 3004 472 3068 Hac
495 3003 684 3069 distinetione
708 3005 784 3070 lacta
808 3006 845 3070 ad
869 3004 933 3091 ζῷα
956 3008 1193 3093 esuperioribus

184 3119 381 3206 supplendum
399 3119 454 3185 luit
466 3119 551 3183 ἰδέαι
566 3119 660 3196 sinin,
684 3121 741 3186 hoc
757 3123 911 3208 glossema,
930 3123 1053 3209 margini
1069 3122 1194 3188 sortasse

185 3235 380 3321 adscriptum,
412 3238 538 3321 primum
568 3240 739 3323 importuno
769 3238 834 3302 loco
863 3242 892 3302 io
921 3251 1035 3303 textum
1066 3241 1192 3326 irrepsit,

186 3347 290 3412 deinde
313 3352 396 3412 vario
426 3351 515 3414 modo
543 3374 608 3418 cum
632 3367 695 3419 tota
720 3357 936 3420 enunciationis
960 3354 1193 3422 conformatione

184 3467 391 3530 concinnatum
415 3477 468 3529 est.
1226 3462 1231 3466 ’

243 3650 261 3716 ¹)
292 3647 374 3714 Simili
403 3621 501 3702 ratidoc
530 3648 650 3703 Euclides
676 3650 747 3707 elem.
766 3653 793 3706 X
816 3651 889 3729 ipos:
922 3653 1055 3708 εὐθεῖαι
1079 3655 1194 3728 δυνάμει

184 3747 326 3821 σύμμετροί
350 3749 416 3800 εἰσιν
438 3746 500 3800 ὅταν
521 3745 551 3801 ιὰ
570 3747 614 3802 ἀπ’
630 3748 714 3802 αὐτῶν
736 3751 886 3826 τετράγωνα
903 3751 937 3821 τῷ
955 3751 1023 3822 αἰνῷ
1035 3758 1128 3829 χωρίῳ
1145 3773 1193 3824 με·

184 3845 283 3916 τρῆιαι,·
301 3847 439 3915 poteotiam
460 3855 557 3912 autem,
583 3865 658 3917 quam
681 3836 848 3901 mathematici
868 3848 958 3902 borum
979 3849 1076 3904 dierum
1097 3851 1192 3917 dieunt,

184 3937 304 3996 Euclides
316 3946 419 4000 nomine
431 3945 594 4019 τετραγώνου
605 3946 705 4002 notavit
717 3945 749 4001 ci.
761 3944 833 4000 Eucl.
847 3946 920 4002 clem.
933 3947 953 4002 1.
966 3965 991 4018 p.
1006 3946 1064 4003 tat.
1076 3949 1115 4004 ed.
1125 3951 1192 4024 Aug.
