2962 4770
631 383 791 480 Qa-

205 573 294 637 altera
316 572 395 654 'pars
424 557 493 630 libri
513 569 557 630 A.
579 583 723 648 suspensa
752 561 886 625 haereret
900 555 930 641 ¹).
978 559 1038 624 Sed
1066 558 1217 647 quomodo

202 685 255 748 Ar.
274 695 370 747 totum
394 703 471 766 opus
493 683 648 744 immutare
664 676 801 752 voluerit,
827 677 884 740 boe
904 679 936 738 in
952 675 1048 740 me'dio
1065 676 1217 762 relinquo;

203 798 328 864 sortasse
352 809 449 862 autem
472 817 509 860 ex
533 795 666 880 praefixa
689 792 891 878 disputatione
915 789 951 854 de
967 803 1097 876 quatuor
1113 811 1218 856 causa·

117 893 119 900 Ι
203 935 268 980 rum
292 910 448 999 generibus
472 896 617 996 suspicari
640 909 718 983 lieet,
742 908 795 971 Ar.
812 911 909 992 ipsum
934 906 997 970 illas
1021 904 1217 982 difficultates,

204 1050 278 1116 quas
294 1029 351 1091 viri
366 1030 471 1094 summi
488 1027 541 1090 An.
559 1018 771 1110 objecerunt¹)‚
796 1024 1021 1108 praesagivisse,
1047 1033 1076 1084 et
1091 1023 1217 1105 primurn

203 1155 346 1208 notorem
367 1164 441 1212 ,enm
470 1142 590 1228 reliquis
622 1141 719 1206 nausis
750 1139 849 1224 aliqua
877 1149 956 1200 certe
980 1157 1017 1198 ex
1040 1148 1123 1221 parte
1149 1156 1219 1198 non-

199 1260 324 1344 jemgere
342 1259 480 1322 voluisse.
513 1256 675 1342 Eomagis
699 1252 806 1318 acerba
827 1252 993 1316 mortalium
1010 1271 1075 1314 sors
1090 1249 1234 1336 lugenda

204 1383 256 1448 est,
282 1393 341 1458 qua
356 1374 411 1438 Ar.
427 1373 484 1436 boc
509 1375 574 1456 ipso
598 1373 740 1454 temporis
758 1380 907 1432 momento
923 1365 1011 1430 nobis
1028 1377 1146 1451 ereptus
1164 1377 1216 1430 est.

269 1486 334 1552 dam
358 1500 392 1550 ut
414 1486 451 1552 ab
475 1487 533 1550 hoe
555 1487 623 1550 looo
648 1485 751 1548 oeulos
774 1496 961 1568 retorqueam
986 1494 1015 1545 et
1036 1502 1111 1566 quae
1128 1480 1219 1547 disse-

129 1591 134 1602 ’
202 1605 310 1666 ruer-im
333 1600 595 1686 eomprehendam,
620 1601 693 1664 haee
714 1597 775 1662 lere
798 1611 842 1660 est
862 1617 976 1662 summa
998 1595 1218 1680 disputationis.

203 1714 331 1781 Primam
352 1717 569 1778 institutionem
593 1716 705 1799 primae
728 1711 936 1797 philosophiae
953 1711 1005 1774 Ar.
1025 1708 1154 1773 absolvit
1171 1711 1219 1778 his

203 1828 302 1894 libris:
324 1833 367 1892 A.
384 1851 408 1892 o.
422 1829 448 1903 l,
465 1828 488 1890 ll
510 1833 552 1890 Β.
567 1830 599 1889 Γ.
611 1832 649 1888 Δ.
664 1833 712 1890 Μ.
724 1831 764 1889 Ν.
776 1829 832 1902 Λ.;
857 1838 962 1910 postea
981 1846 1052 1888 suae
1068 1824 1219 1891 doetrinae

202 1943 363 2008 firmandae
387 1965 475 2006 causa
498 1941 581 2007 libris
598 1947 645 2006 M.
658 1947 698 2005 Ν.
710 1945 752 2003 Λ.
776 1943 950 2027 praeposuit
972 1939 1064 2003 libros
1079 1945 1116 2002 E.
1127 1945 1163 2004 Z.
1177 1944 1219 2004 H.
1292 1951 1297 1966 ⁸

205 2060 244 2121 Θ.
256 2061 282 2121 I.
316 2057 376 2122 Sed
400 2080 465 2122 oum
489 2057 545 2122 hae
569 2060 684 2121 ratione
708 2055 782 2119 ordo
807 2055 1017 2142 disputationis
1034 2055 1138 2119 erebro
1155 2069 1218 2124 tur·

201 2174 300 2249 batus,
324 2197 378 2237 nec
401 2175 535 2259 singulae
558 2194 605 2237 res
630 2174 701 2239 satis
726 2170 894 2234 elaboratae
918 2183 1024 2246 essent,
1049 2170 1101 2233 Ar.
1126 2169 1219 2234 libros

203 2290 337 2348 Β.Γ.Ε.
360 2291 389 2350 in
418 2290 565 2374 pressiore
596 2287 647 2351 sed
678 2287 769 2351 multo
801 2287 988 2374 concinniore
1017 2283 1244 2372 disputatione
1279 2364 1281 2368 Ι

202 2401 271 2466 libri
292 2406 330 2464 Ka
357 2402 595 2488 comprehendit,
629 2425 743 2470 ornnem
773 2425 844 2465 vero
873 2404 1088 2466 institutionem
1119 2403 1217 2466 denno
1272 2423 1276 2434 ’

202 2515 354 2582 elaborare
370 2521 528 2604 aptiusque
545 2517 702 2604 disponere
718 2517 872 2582 eonsilium
889 2520 975 2602 oepit,
995 2518 1079 2601 nujus
1096 2517 1215 2582 alterins

202 2655 290 2698 ennae
302 2646 420 2698 exstant
430 2632 499 2696 libri
507 2638 674 2720 A.B.‚qua
687 2633 805 2721 quidem
818 2632 911 2697 lorma
924 2633 1010 2697 nobis
1023 2632 1124 2696 traditi
1136 2647 1214 2697 sunt.

267 2749 347 2814 Haeo
375 2752 468 2835 igitur
491 2764 576 2826 sunt,
609 2771 684 2834 quae
709 2749 745 2812 de
769 2749 871 2828 ordine
894 2749 1038 2814 librorum
1062 2749 1217 2836 metaphy-

201 2866 331 2925 sieorunn
355 2861 533 2947 disputanda
557 2861 690 2926 habeam.
726 2863 773 2925 llx
797 2864 928 2947 pleniore
951 2863 1129 2928 refutatione
1146 2885 1217 2926 con-

200 2980 357 3041 trariarum
387 2955 619 3054 sententiarum.
646 2991 674 3042 et
706 2999 780 3065 quas
811 2979 859 3042 alii
889 2979 1022 3055 tulerint,
1045 2992 1083 3043 et
1107 2978 1215 3066 quibus

169 3122 177 3128 ·
201 3096 264 3178 ipse
287 3105 372 3157 antea
390 3106 516 3158 vexatus
539 3094 660 3170 luerim,
686 3096 809 3158 multum
832 3094 957 3159 fortasse
979 3094 1119 3188 ponderis
1135 3117 1216 3160 mnae

202 3191 362 3273 sententiae
391 3208 460 3272 addi
489 3213 624 3296 potuisse
654 3233 699 3274 nne
728 3233 787 3274 non
812 3210 897 3298 fugit.
946 3209 1006 3275 Sed
1029 3211 1111 3276 nolui
1136 3231 1215 3274 eom·

201 3325 409 3386 mentationem
439 3325 631 3409 prolixiorem
661 3325 800 3404 reddere3
833 3329 931 3413 quivis
959 3329 1022 3412 ipse
1051 3326 1215 3412 perieulum

151 3431 157 3442 ⁴
200 3436 289 3501 laniat
311 3457 371 3501 non
396 3458 430 3501 eo
455 3440 579 3503 oonsilio
603 3461 663 3504 reru
688 3463 855 3529 eggressus,
881 3454 915 3505 nt
938 3439 1125 3506 difficultates
1146 3463 1215 3528 ape·

206 3577 416 3586 mm

181 3699 191 3732 τ
213 3672 219 3688 .
259 3640 278 3708 ¹)
301 3640 358 3692 Hoc
375 3648 444 3705 reete
463 3641 593 3710 perspexit
610 3638 720 3694 Bubliue
742 3645 766 3696 io
786 3642 948 3695 »Bibliothelr
967 3642 1010 3695 der
1029 3639 1079 3694 alt.
1091 3642 1141 3696 Lit.
1161 3642 1215 3696 und

200 3737 307 3790 itunae·
332 3733 409 3790 1788.
428 3753 452 3806 p.
466 3735 509 3802 29,
529 3755 681 3808 quamquam
701 3738 799 3810 reliqna
817 3740 895 3808 hujus
911 3742 959 3794 viri
978 3741 1105 3792 temeritas
1124 3738 1214 3810 procul

201 3851 214 3886 a
233 3851 272 3886 me
295 3835 364 3887 esto!
482 3828 485 3832 ’

259 3932 278 3997 ¹)
302 3931 394 3998 Ritter,
414 3931 504 3987 Geseh.
519 3933 542 3986 d.
556 3932 622 3986 Phil.
635 3931 674 3986 lll
688 3951 713 4004 p.
725 3931 775 3988 201
790 3950 860 4004 sqq.;
880 3933 971 4000 Zeller,
992 3932 1082 3988 Gescb.
1103 3933 1213 3988 d.'Phil.

200 4029 225 4083 d.
240 4029 270 4083 (i.
283 4029 308 4084 ll
327 4049 351 4102 p.
367 4030 420 4089 sta
433 4049 506 4104 sqq.;
517 4031 643 4098 Brendis,
663 4030 753 4086 iieseh.
774 4032 798 4087 d.
817 4032 883 4088 Phil.
897 4031 931 4100 11,
945 4031 962 4087 2
980 4050 1005 4105 p.
1018 4029 1071 4086 tao
1083 4049 1141 4106 sqq.
