2962 4770
696 455 855 468 Ι-ι-ι

268 545 377 614 nedum
416 544 580 613 Aristoteli.
637 545 749 612 Idcirco
794 546 925 614 ordinem
968 545 1171 614 invertendum
1213 569 1279 614 esse

269 686 374 729 censeo
414 666 457 728 sic
496 675 531 728 ut
558 661 651 728 verba
685 654 775 726 οὗτοι
809 665 870 746 μὲν
902 703 937 716 -
968 661 1099 738 dononio
1134 661 1281 743 λέγοντες

267 792 491 867 praeponantur
513 777 612 843 verbis
647 777 707 840 sini
746 774 783 840 δέ
809 799 891 852 τινες
925 817 961 832 -·
993 775 1157 856 ἀπόδειξίς
1185 777 1281 844 ἔστιν.

268 895 368 980 Atque
399 894 454 959 hac
477 895 708 978 transpositione
731 891 806 956 iacta
829 888 918 958 οὗτοι
940 897 998 975 μὲν
1022 897 1132 980 optimc
1156 894 1193 958 ad
1216 916 1280 970 eos,

270 1011 320 1094 qui
344 1008 510 1073 dubitando
535 1011 565 1070 in
589 1008 665 1076 hanc
688 1009 861 1072 sententiam
882 1008 992 1095 delapsi
1008 1011 1076 1085 sint,
1101 1009 1280 1084 referuntur,
1389 1043 1407 1070 ι

270 1125 339 1208 quia
362 1145 409 1187 res
427 1145 491 1208 cap.
504 1122 540 1188 V.
559 1125 711 1208 expositas
727 1126 812 1188 unice
828 1123 866 1188 ad
882 1123 1083 1189 dubitationes
1099 1125 1217 1188 illorum
1235 1145 1282 1188 re·
1376 1161 1383 1172 ·

269 1237 431 1303 movendas
460 1241 607 1323 pertinere
636 1239 689 1303 Ar.
713 1251 742 1302 et
769 1239 827 1303 hoc
855 1241 885 1302 in
914 1238 991 1304 libro
1023 1236 1122 1304 1009³
1136 1237 1179 1304 23
1208 1236 1283 1322 ἕλχ’-

234 1331 236 1344 ’
269 1348 355 1416 teuc
378 1353 414 1416 δὲ
437 1362 504 1426 τοϊς
527 1351 739 1435 διαποροῦσιν
759 1352 840 1437 αὕτη
863 1351 882 1438 ἢ
910 1352 994 1430 δόξα
1017 1351 1051 1416 ia
1073 1357 1138 1418 νῶν
1161 1354 1282 1437 αἰσθη-

269 1466 334 1530 τῶν
350 1513 358 1530 .
372 1511 401 1529 ..
418 1467 530 1530 indicat
551 1479 581 1530 et
603 1467 711 1530 diserte
736 1479 835 1532 ruouet
858 1468 894 1532 Κ.
913 1490 937 1531 c.
951 1468 999 1532 Vl.
1028 1451 1127 1538 1063¹÷
1144 1466 1183 1533 12
1201 1462 1283 1552 πρὸς

271 1580 309 1644 δὲ
331 1575 407 1656 τούς
422 1579 660 1664 σιαποροῦνιοιζ
682 1578 717 1642 ἐκ
740 1583 805 1644 τῶν
825 1580 1175 1665 παραδεδομένων
1197 1577 1282 1644 ἀπο-

271 1695 349 1778 ριῶν
377 1691 494 1780 ράδιον
523 1691 684 1762 άπανιάν.
726 1695 825 1760 Verba
855 1709 952 1762 autem
987 1696 1080 1761 τοῦτο
1116 1699 1284 1762 πεισθεῖεν

271 1809 336 1874 turn'
365 1812 516 1894 aptissime
546 1811 583 1874 ad
611 1814 709 1895 ipsum
738 1813 917 1898 principium
948 1811 1190 1878 contradictionis
1216 1835 1283 1898 spe·

272 1935 360 1999 ctare,
387 1927 453 2010 quis
478 1946 537 1987 non
563 1924 664 1988 videti

341 2035 440 2102 10192
462 2037 513 2102 20.
545 2041 627 2101 καθ’
655 2036 697 2122 ἢν
722 2034 793 2132 χχχ
809 2033 845 2104 τὸ
875 2039 1001 2119 πάσχον
1021 2041 1138 2120 πάσχει
1159 2065 1203 2118 τι,
1229 2034 1284 2104 rici

201 2169 204 2181 ’
272 2156 331 2235 μὲν
354 2149 411 2217 ἐὰν
434 2150 550 2228 ὁτιοῦν,
576 2150 714 2218 δυνατὸν
737 2150 816 2220 αὐτό
839 2177 948 2238 φαμεν
971 2156 1054 2220 εἶναί
1075 2159 1209 2231 παθεῖν,
1232 2153 1284 2220 ὁτὲ

275 2263 347 2328 δὀὐ
375 2265 457 2328 κατὰ
485 2268 553 2330 πᾶν
575 2266 702 2343 πάθος,
733 2260 809 2330 ἀλλ’
829 2266 872 2332 άν
900 2267 952 2332 ἐπὶ
974 2266 1009 2331 τὸ
1031 2269 1167 2352 βέλτιον.
1195 2269 1240 2336 ἔτι
1263 2265 1282 2356 ᾗ

272 2379 330 2443 cori
352 2377 457 2455 καλῶς
479 2376 734 2445 τοῦτ’ἒπιτελεϊν
755 2383 776 2466 ἢ
798 2377 881 2446 κατά
903 2385 1090 2468 προαίρεσιν
1110 2426 1145 2436 -
1166 2378 1287 2469 ὁμοίως

275 2494 311 2557 dd
335 2498 389 2556 aul
412 2493 464 2558 cirri
486 2495 544 2558 coci
565 2495 709 2575 πάσχειν.
745 2497 921 2563 Enunciatio
940 2496 1075 2584 καθ’ἥν
1097 2498 1280 2582 -βέλτιον,

274 2632 451 2698 quamquam
475 2610 622 2694 particula
652 2613 762 2678 causali
784 2609 845 2695 γάρ
874 2635 1004 2690 annexa,
1034 2615 1142 2679 nuliam
1165 2635 1279 2678 causam

248 2801 253 2810 Ι
273 2723 513 2809 praecedentium
530 2722 688 2788 verborum
711 2723 730 2809 ἡ
756 2721 785 2788 δ’
799 2718 975 2810 ὑφ’ἑεέροο
997 2725 1019 2812 ἢ
1041 2723 1061 2818 ᾗ
1085 2733 1189 2808 ἕτερον
1209 2749 1277 2789 con-

274 2840 361 2914 tinet,
394 2840 482 2902 immo
507 2853 580 2903 vero
607 2839 753 2926 duplicem
777 2845 912 2926 passivae
935 2847 1085 2928 potentiae
1108 2847 1165 2908 viro
1189 2840 1278 2926 expli·

275 2965 331 3018 eat.
372 2953 436 3017 Jam
466 2956 494 3016 in
528 2957 662 3041 sequenti
691 2960 896 3023 enunciatione
925 2981 991 3022 cum
1014 2959 1067 3023 Ar.
1093 2963 1207 3038 activae
1229 2977 1283 3041 po-

274 3069 382 3132 tentiae
414 3081 442 3132 et
469 3071 525 3154 ipsi
549 3069 695 3154 duplicem
718 3074 778 3135 vim
802 3071 1008 3159 assignandam
1039 3093 1100 3135 esse
1126 3071 1285 3147 docuisset,

275 3181 406 3248 addidit:
439 3176 558 3263 ὁμοίως
589 3182 625 3246 δὲ
648 3188 703 3246 καὶ
724 3184 778 3250 ἐπὶ
799 3187 856 3250 τοῦ
878 3186 1019 3265 πάσχειν.
1060 3182 1136 3264 Quo,
1161 3203 1285 3268 quaeso,

274 3295 347 3358 haec
369 3295 461 3360 verba
483 3299 641 3382 pertinent,
672 3321 737 3365 curn
762 3313 847 3366 antea
871 3300 983 3386 duplex
1005 3302 1050 3364 vis
1072 3300 1208 3384 passivae
1230 3320 1287 3384 po·

274 3411 383 3474 tentiae
408 3411 468 3495 jam
500 3413 647 3498 explicata
676 3417 734 3480 sit?
763 3416 867 3480 Nonne
897 3417 990 3482 multo
1014 3417 1106 3502 magis
1129 3413 1182 3480 Ar.
1200 3425 1285 3478 antea

274 3546 330 3611 pro
354 3521 400 3590 ἔτι
422 3517 441 3606 ἦ
466 3529 522 3589 τοῦ
544 3527 649 3601 καλῶς
672 3522 756 3593 τοῦτ’
771 3528 927 3596 ἐπιτελεῖν
951 3530 1107 3597 dicendum
1133 3529 1203 3594 luit:
1232 3529 1287 3593 ent

275 3634 392 3719 ὁμοίως
424 3637 556 3702 ἐποιοῦ
583 3642 711 3707 noceto?
747 3643 872 3710 Tantam
902 3644 1069 3708 socordiam
1100 3646 1151 3730 qui
1179 3646 1209 3706 in
1232 3617 1285 3705 rlr.

274 3749 387 3829 ferunt,
417 3755 437 3816 ii
465 3754 598 3832 videant,
637 3777 674 3818 ne
702 3777 817 3824 summo
847 3759 964 3842 iugenio
995 3761 1080 3824 nimis
1110 3755 1285 3820 obtrectant.

274 3863 375 3950 Atque
398 3867 456 3932 hoc
478 3868 546 3934 loco
562 3869 734 3936 Alexander
757 3875 820 3958 ipse
844 3871 882 3938 ad
897 3892 997 3938 veram
1013 3876 1089 3940 viam
1106 3891 1162 3934 uos
1180 3869 1287 3967 ducere
