2962 4770
620 399 781 494 L

198 580 314 644 nomiue
337 576 546 642 elementorum
571 569 777 656 (στοιχείων)
801 574 973 658 complexus
997 586 1088 649 esset,
1119 595 1208 660 quar·

197 707 258 760 turn
286 713 397 758 novum
425 694 606 779 principium
631 691 796 756 addendum
823 711 885 754 esse
911 689 1012 766 docet,
1043 689 1123 776 quod
1147 709 1207 752 non
1265 733 1268 736 -

198 813 236 875 sit
260 817 462 889 στοιχεῖον
482 809 533 873 scd
558 803 656 893 u'ppq‘
677 831 743 882 τις.
778 808 882 871 Nonne
906 807 1016 880 hicex
1039 805 1208 868 nominibus

199 947 319 1013 quoque
342 947 494 991 connexus
518 925 662 989 librorum
687 928 783 988 ΜΝ.
807 937 836 988 et
859 925 902 986 Λ.
925 921 1098 1014 spectatur?
1133 921 1207 986 Nam

200 1033 268 1106 dum
291 1043 343 1106 Ar.
367 1043 439 1106 alias
463 1044 580 1107 nomine
605 1043 765 1121 metretae
777 1042 925 1104 materiem
942 1042 1036 1123 ipsam
1054 1037 1208 1122 designare

199 1157 288 1233 solet,
320 1157 377 1222 hoc
405 1158 471 1221 loco
500 1156 573 1234 illud
604 1178 708 1221 nomen
740 1156 778 1220 ad
808 1155 930 1219 sormam
961 1167 990 1217 et
1013 1155 1208 1239 privationem

200 1273 365 1348 transtulit,
390 1285 420 1337 et
442 1275 669 1336 accuratissimis
692 1272 835 1336 limitibus
860 1294 875 1334 e
899 1271 1003 1334 latiore
1020 1273 1049 1331 vi
1072 1269 1210 1354 principii
1310 1283 1321 1290 ·

201 1381 327 1470 (ἆρχῆς)
350 1386 498 1452 discrevit.
534 1386 593 1452 Sed
618 1387 655 1451 ad
672 1389 758 1452 talem
776 1387 1002 1472 disjunctionem
1017 1384 1071 1448 Ar.
1089 1395 1210 1448 coactus

200 1499 270 1577 fuit,
295 1514 330 1566 ut
352 1523 434 1566 suam
451 1501 622 1591 ¹doctrinam
647 1527 663 1566 a
687 1502 838 1567 Platonica
863 1525 897 1566 eo
923 1500 1082 1565 dilucidius
1105 1499 1216 1563 distim·

84 1635 86 1640 ’
200 1629 311 1702 queret.
359 1619 458 1703 Atque
481 1618 597 1696 videas,
626 1642 662 1682 ne
686 1620 734 1682 illa
759 1618 915 1702 diremptio
939 1617 1070 1678 formalis
1094 1638 1209 1689 causae,

103 1729 107 1734 ’
201 1727 259 1793 hoc
281 1750 358 1806 uuo,
386 1731 468 1816 quod
491 1735 596 1808 seiam,
620 1733 686 1802 loeo
711 1732 815 1808 obvia,
840 1735 869 1794 in
893 1731 1015 1794 sormam
1039 1727 1152 1809 (εἶδος)
1177 1749 1210 1792 ao

200 1848 397 1932 privationem
421 1844 608 1933 (στέρησιν),
637 1861 785 1935 tamquam
813 1847 886 1912 duas
909 1847 1072 1933 peculiares
1096 1866 1209 1921 causas,

202 1984 240 2028 ex
262 1963 403 2048 peculieri
427 1985 545 2052 quoque
572 1968 686 2029 ratione
710 1964 885 2050 explicandi
909 1967 956 2028 sit.
1003 1964 1111 2026 Forma
1135 1963 1212 2024 enim

201 2091 231 2144 et
251 2081 382 2165 privatio
404 2080 587 2166 respondent
609 2083 765 2149 contrariis
789 2082 942 2166 principiis
964 2082 1097 2164 priorum
1113 2075 1211 2160 philo·
1299 2087 1308 2098 '

201 2195 363 2280 sophorum
380 2190 494 2275 (rooth
509 2194 637 2261 29-31
658 2209 687 2260 et
705 2193 803 2259 10252
820 2194 862 2258 28
878 2191 968 2280 sqq),
993 2194 1038 2256 bis
1063 2194 1210 2256 materiem

204 2318 372 2372 etecusam
396 2309 549 2386 movendi,
575 2314 622 2376 cui
644 2311 757 2376 bonum
780 2312 947 2386 inhaereat,
974 2308 1124 2373 addendas
1149 2329 1211 2371 esse

203 2423 266 2508 ipsc
290 2420 385 2486 docet.
433 2422 491 2488 Sed
515 2447 561 2488 me
584 2429 646 2509 jam
671 2450 708 2492 ex
731 2411 891 2490 subtilibus
914 2427 960 2488 bis
984 2423 1211 2511 quaestiouibus

202 2557 326 2614 revoco,
352 2540 503 2627 armagis
527 2542 680 2604 vaticinari
704 2563 792 2626 quam
816 2539 944 2626 probare
966 2539 1077 2602 videar.
1122 2538 1213 2602 Prae·

151 2743 157 2756 Β
202 2665 248 2718 ter
270 2677 303 2718 ea
326 2657 433 2742 igitur,
464 2677 539 2744 quae
567 2656 604 2720 ad
628 2679 794 2720 connexum
819 2657 1028 2721 sententiarum
1051 2657 1211 2740 pertinent,

202 2770 344 2836 lectorum
369 2775 483 2836 animos
511 2772 722 2856 adaequalem
752 2773 961 2858 disputationis
985 2771 1117 2835 ordinem
1141 2770 1213 2834 diri-

204 2903 272 2968 gere
295 2885 391 2948 velim.
440 2883 585 2949 Omnibus
615 2888 690 2947 euim
714 2885 774 2948 fere
798 2887 918 2972 reliquis
942 2887 1079 2971 partibus
1103 2884 1213 2948 doctri-

204 3019 258 3062 uae
281 2998 500 3064 Platonicorum
524 3000 841 3086 Pythagoreorumque
866 3005 1019 3086 expositis,
1046 3001 1101 3064 sub
1125 3001 1234 3064 finem·

205 3113 320 3180 demum
351 3115 561 3203 disputationis
585 3116 603 3181 l.
621 3120 661 3180 N.
684 3116 765 3181 etv
788 3117 842 3181 Ar.
868 3119 1029 3194 examinat,
1061 3115 1212 3202 quomodo

204 3232 252 3294 isti
275 3232 387 3298 bonum
411 3245 499 3320 atque
523 3222 773 3299 malum'summis
796 3235 964 3320 principiis,
995 3235 1111 3318 unitatix
1125 3245 1213 3318 atque

205 3344 335 3409 infinitae
358 3347 507 3423 dualitati,
532 3339 672 3434 impertiti
695 3351 763 3412 sint.
799 3348 933 3413 Eundem
956 3347 1089 3412 ordinem
1105 3349 1157 3412 Ar.
1182 3350 1213 3411 in

205 3459 282 3526 libro
298 3463 341 3523 A.
362 3475 481 3526 secutus
505 3465 534 3525 in
559 3477 689 3530 extremo
715 3467 810 3551 capite
834 3466 990 3551 exposuit,
1016 3485 1091 3549 quae
1113 3483 1214 3525 neces·

205 3575 305 3643 situdo
327 3579 423 3664 primo
449 3581 555 3643 moturi
578 3601 643 3643 cum
659 3584 806 3666 principio
823 3580 894 3644 boni
910 3578 1080 3644 intercedat.
1113 3554 1214 3664 Atque

206 3693 280 3760 adeo
296 3717 339 3772 ea,
357 3716 432 3782 quae
443 3695 498 3760 Ar.
511 3698 541 3760 iu
556 3695 634 3760 libro
647 3700 696 3760 M.
712 3696 818 3762 desua
834 3696 969 3760 doctrine
985 3694 1116 3770 tradidit,
1133 3715 1214 3756 meae

207 3813 338 3894 opinioni
362 3811 544 3877 firmamento
569 3824 647 3878 suut.
683 3812 757 3876 Nam
782 3835 848 3877 cum
864 3815 916 3876 Ar.
935 3815 963 3874 in
980 3811 1057 3878 libro
1070 3814 1112 3873 Λ.
1130 3831 1214 3874 suam

207 3922 242 3990 de
272 3930 372 4011 primis
402 3942 431 3995 et
460 3932 589 3996 immotis
615 3929 790 3996 substantiis
821 3928 983 4024 doctrinam
1007 3947 1155 4014 exponere
1183 3927 1213 3988 in

1003 4037 1019 4093 'l
