2910 4778
607 371 765 469 -ltt—

184 541 350 619 censionem
366 548 542 616 trahendum
560 551 607 625 sit,
627 547 763 618 laeillirue
778 547 954 634 dijudicabit
963 542 993 629 ¹).
1022 547 1088 613 Hoc
1102 549 1195 635 igitur

183 668 363 756 integritatis
390 677 563 752 argumento
594 664 704 748 rejecto
732 664 773 731 ad
794 686 864 733 vera
887 663 995 732 iudicia
1019 663 1194 752 exponenda

182 806 237 850 uos
261 786 457 868 accingamus.
492 781 730 866 lutcrpolationis
754 784 830 846 enirn
853 781 985 866 suspicio
1009 780 1109 858 habet,
1134 801 1195 867 quo

183 898 344 984 probetur,
374 900 399 961 si
430 897 502 984 quid
530 899 560 960 in
584 895 734 972 versibus,
764 919 804 962 crs
832 896 985 984 prioribus
1007 896 1195 981 philosophis

183 1014 398 1100 physiologicis
420 1015 555 1098 poetisve
579 1013 683 1088 allatis,
713 1014 754 1076 ita
777 1024 923 1078 mutatum
946 1024 999 1088 cst,
1023 1024 1058 1076 ut
1080 1013 1196 1079 numeri

180 1131 214 1202 ¹iu
235 1141 345 1196 rectam
368 1129 492 1194 sormam
515 1126 696 1215 redigantur.
728 1127 839 1193 Versus
862 1139 959 1195 autem
983 1130 1012 1192 iu
1031 1126 1133 1192 codice
1147 1125 1195 1190 Al

183 1243 295 1312 laudati
323 1249 363 1310 ita
393 1243 556 1310 claudicare
586 1244 697 1320 solent,
726 1256 762 1308 ut
791 1242 827 1308 de
856 1243 1083 1329 interpolatione
1106 1242 1196 1325 hujus

183 1362 299 1444 generis
329 1361 453 1447 eogitari
482 1371 617 1446 nequeat.
656 1357 717 1422 Nec
740 1380 931 1426 numerorum
955 1359 1062 1424 vitium
1084 1356 1195 1444 ubique

185 1497 222 1540 ex
250 1475 439 1543 librariorum
468 1476 554 1561 lapsu
583 1473 777 1540 derivandum
807 1497 870 1542 esse
901 1473 1052 1551 duxerim;
1087 1473 1196 1539 horum

183 1603 260 1658 certe
276 1613 415 1660 versuum
440 1591 613 1679 depravatio
638 1592 800 1656 inveterata
817 1613 880 1656 esso
896 1589 1029 1655 videtur:
1055 1586 1134 1656 984¹l
1152 1585 1196 1652 20

184 1706 310 1789 πρῶτον
344 1711 404 1790 μὲν
433 1707 475 1772 Ab
494 1729 551 1791 pro
581 1703 760 1787 πρώτιστον
787 1707 855 1785 μὲν,
890 1701 970 1770 9841
992 1701 1034 1767 29
1062 1699 1196 1786 ἡδ’ἔρως

185 1819 226 1884 Ab
252 1842 308 1905 pro
342 1818 483 1905 ἧδ’ἔρος,
526 1817 635 1912 100οᾰ,
651 1817 694 1884 30
729 1816 791 1882 ὅσα
824 1815 941 1882 τ’ύστιν
968 1817 1011 1883 ΑΒ
1042 1839 1098 1903 pro
1135 1814 1196 1882 ὅσα

183 1932 303 1998 τ’ἔσται
330 1930 465 2010 ὀπίσσω,
498 1930 597 2000 10091
624 1932 668 2010 24
689 1933 768 2018 ὅπερ
797 1937 928 2019 φρονέει
954 1931 1078 2018 μελέων
1100 1932 1197 2018 φύσις

183 2044 409 2134 ἀνθρώποισιν
429 2053 545 2125 πύλης
568 2045 666 2132 φύσις
688 2046 1065 2133 conquaererentur,
1093 2046 1195 2114 1015·

183 2163 203 2228 2
228 2162 400 2244 διάλλαξίς
421 2188 456 2228 rs
470 2168 627 2248 μιγέντων
641 2163 716 2239 ἐστί,
739 2166 834 2248 φύσις
850 2165 912 2228 d’..
925 2163 1012 2228 codd.
1026 2163 1087 2228 rell.
1102 2161 1196 2227 deaii*

184 2276 276 2356 λπξις
306 2283 462 2360 μιγέντων
492 2279 558 2353 ἐστὶ
580 2285 635 2344 vui
656 2279 752 2364 φύσις
774 2279 834 2345 Ab.
875 2279 954 2346 llaec
978 2277 1083 2344 menda
1108 2280 1132 2343 si
1157 2276 1196 2345 ad

183 2392 372 2458 Aristotelem
396 2396 503 2476 ipsum,
527 2395 583 2461 bos
601 2418 704 2460 versus
729 2418 766 2462 cx
789 2397 930 2460 memoria
945 2393 1124 2478 laudantem,
1148 2416 1195 2462 re·

183 2506 259 2572 serre
281 2507 422 2582 uolueris,
448 2507 485 2572 ab
511 2508 774 2592 interpolatoribus
799 2521 894 2572 tamen
917 2509 1040 2574 scabros
1055 2531 1194 2577 numeros

183 2625 212 2686 in
245 2623 366 2710 reliquis
402 2622 554 2688 codicibus
589 2625 744 2688 restitutos
777 2645 839 2688 esse
869 2622 1110 2688 verisimillimum
1139 2637 1193 2691 est.

182 2738 309 2825 Largior
337 2751 382 2804 est
409 2727 512 2804 messis
536 2739 669 2804 locorum
693 2762 710 2804 a
733 2739 855 2826 reliquis
879 2739 1032 2805 codicibus
1055 2753 1108 2806 aut
1129 2761 1194 2809 mu-

182 2865 311 2918 totorum
335 2866 388 2918 aui
411 2854 607 2937 expleturum,
632 2876 708 2939 quos
733 2876 770 2916 ex
793 2855 1022 2940 interpolatione
1046 2877 1133 2942 quam
1155 2879 1195 2922 ex
1262 2845 1268 2856 ⁵

184 2966 300 3034 diversa
328 2970 499 3036 recensione
529 2979 662 3054 repetere
691 2970 796 3034 malim.
838 2968 971 3036 Certiore
1000 2984 1096 3066 auteur
1126 2971 1195 3039 fuu-

183 3133 394 3148 ma·

223 3227 242 3290 ¹)
265 3223 295 3276 Ε.
309 3241 334 3294 g.
347 3224 372 3276 in
391 3223 478 3294 paucis
499 3219 664 3293 corruptelis,
683 3222 780 3276 scribae
799 3222 872 3293 culpa
892 3225 967 3287 ortis,
988 3223 1096 3289 docebo,
1116 3241 1191 3294 qoam

184 3316 257 3370 facile
275 3322 386 3388 genuina
403 3319 478 3372 lectio
499 3320 555 3374 cod.
573 3320 608 3374 Al
623 3321 724 3374 restitui
742 3322 837 3390 possit:
861 3317 928 3374 991⁵
941 3318 976 3374 30
994 3321 1045 3376 τών
1068 3321 1148 3395 ύεύρύ
1172 3325 1193 3376 τ’

184 3413 258 3468 codd.
268 3413 324 3467 rell.
336 3415 387 3468 τών
400 3417 426 3468 d'
436 3414 485 3478 Ab,
505 3434 568 3472 sorr.
581 3418 660 3471 τῶνδ’
670 3421 740 3472 ἔσται
755 3418 801 3470 καὶ
816 3418 900 3472 αὐτῶν
911 3415 977 3471 997³
993 3417 1026 3472 14
1037 3422 1100 3494 παρ’
1113 3415 1194 3478 adroic

182 3512 228 3566 uei
246 3509 301 3566 rell.
316 3509 390 3563 codd.
406 3508 480 3583 παρὰ
495 3511 587 3570 ταύτας
597 3516 646 3580 Al,
668 3534 731 3569 corr.
745 3513 818 3590 nopai
835 3519 855 3568 τ’
865 3511 945 3574 αύτὰς
962 3515 1040 3570 καὶ..
1060 3513 1142 3568 lotii
1159 3512 1191 3567 13

183 3609 212 3663 ἓν
226 3613 296 3664 ἐστιν
308 3609 342 3662 A*
354 3611 394 3674 (Ε
407 3611 442 3674 Τ)
454 3607 580 3677 disjuurla
593 3613 670 3666 verba
682 3615 708 3666 in
721 3631 800 3666 unum
814 3612 947 3666 contrahas
959 3615 1046 3676 ἔνεστι,
1066 3607 1146 3665 1003·
1157 3609 1193 3665 30

182 3699 288 3780 idme·
308 3703 353 3761 dui
372 3706 417 3760 καὶ
435 3703 500 3778 ἡμῖν
518 3707 561 3760 τοῦ
579 3705 652 3767 ὄντος
668 3702 684 3780 ᾗ
702 3710 735 3763 ὂν
751 3709 797 3770 τὰς
812 3711 917 3785 πρώτας
933 3709 989 3763 rell.
1003 3707 1076 3762 codd.
1087 3700 1105 3780 ᾖ
1117 3707 1195 3766 ὄντας

182 3807 285 3875 πρώτας
303 3805 353 3870 Ab,
372 3803 506 3859 lectionem
517 3805 676 3860 verissimam
696 3809 732 3860 sic
744 3810 851 3862 restitue
868 3802 885 3880 ᾖ
901 3806 951 3862 ὂν.
964 3845 971 3861 .
983 3845 990 3859 .
1002 3845 1008 3858 .
1021 3802 1067 3865 τὰς
1082 3805 1192 3880 πρώτας,

183 3901 229 3956 bae
247 3905 311 3957 cuim
331 3906 430 3960 ralioue
449 3903 539 3960 lacuna
558 3923 589 3960 ex
600 3903 783 3974 ‚homoteleuto
801 3904 921 3962 facillime
940 3906 1001 3958 oriri
1018 3904 1111 3974 poluit.

981 3999 1020 4056 Ψ
