<?xml version="1.0" encoding="UTF-8"?>
<!DOCTYPE html PUBLIC "-//W3C//DTD XHTML 1.0 Transitional//EN"
    "http://www.w3.org/TR/xhtml1/DTD/xhtml1-transitional.dtd">
<html xmlns="http://www.w3.org/1999/xhtml" xml:lang="en" lang="en">
 <head>
  <title>
</title>
<meta http-equiv="Content-Type" content="text/html;charset=utf-8" />
  <meta name='ocr-system' content='tesseract 3.04.00' />
  <meta name='ocr-capabilities' content='ocr_page ocr_carea ocr_par ocr_line ocrx_word'/>
</head>
<body>
  <div class='ocr_page' id='page_1' title='image "./studiainaristot00chrigoog_0037.png"; bbox 0 0 2910 4778; ppageno 0'>
   <div class='ocr_carea' id='block_1_1' title="bbox 703 364 864 462">
    <p class='ocr_par' dir='ltr' id='par_1_1' title="bbox 703 364 864 462">
     <span class='ocr_line' id='line_1_1' title="bbox 703 364 864 462; baseline 0 -35"><span class='ocrx_word' id='word_1_1' title='bbox 703 364 864 462; x_wconf 52' lang='lat'>2⁰...</span> 
     </span>
    </p>
   </div>
   <div class='ocr_carea' id='block_1_2' title="bbox 275 535 1309 3986">
    <p class='ocr_par' dir='ltr' id='par_1_2' title="bbox 278 535 1309 1894">
     <span class='ocr_line' id='line_1_2' title="bbox 279 535 1309 632; baseline 0.009 -26"><span class='ocrx_word' id='word_1_2' title='bbox 279 542 354 608; x_wconf 87' lang='lat' dir='ltr'>salso</span> <span class='ocrx_word' id='word_1_3' title='bbox 377 535 466 626; x_wconf 72' lang='grc' dir='ltr'><em>παρὰ</em></span> <span class='ocrx_word' id='word_1_4' title='bbox 490 535 529 605; x_wconf 77' lang='lat' dir='ltr'>cei</span> <span class='ocrx_word' id='word_1_5' title='bbox 554 542 635 606; x_wconf 75' lang='grc' dir='ltr'>καθ’</span> <span class='ocrx_word' id='word_1_6' title='bbox 651 544 769 606; x_wconf 79' lang='grc' dir='ltr'><strong><em>ἕκαστα</em></strong></span> <span class='ocrx_word' id='word_1_7' title='bbox 792 541 979 621; x_wconf 74' lang='lat' dir='ltr'>subaudierit,</span> <span class='ocrx_word' id='word_1_8' title='bbox 1009 545 1188 632; x_wconf 84' lang='lat' dir='ltr'>interpolata</span> <span class='ocrx_word' id='word_1_9' title='bbox 1210 562 1309 628; x_wconf 83' lang='lat' dir='ltr'>suut,-</span> 
     </span>
     <span class='ocr_line' id='line_1_3' title="bbox 279 657 1292 750; baseline 0.008 -28"><span class='ocrx_word' id='word_1_10' title='bbox 279 679 333 724; x_wconf 89' lang='lat' dir='ltr'>nee</span> <span class='ocrx_word' id='word_1_11' title='bbox 357 658 394 723; x_wconf 92' lang='lat' dir='ltr'>ab</span> <span class='ocrx_word' id='word_1_12' title='bbox 420 658 506 723; x_wconf 81' lang='lat' dir='ltr'>Aicx.</span> <span class='ocrx_word' id='word_1_13' title='bbox 531 659 606 723; x_wconf 90' lang='lat' dir='ltr'>lecta</span> <span class='ocrx_word' id='word_1_14' title='bbox 631 657 723 724; x_wconf 85' lang='lat' dir='ltr'>iuisse</span> <span class='ocrx_word' id='word_1_15' title='bbox 737 658 884 739; x_wconf 88' lang='lat' dir='ltr'>videntur,</span> <span class='ocrx_word' id='word_1_16' title='bbox 909 662 1010 747; x_wconf 87' lang='lat' dir='ltr'>utqui</span> <span class='ocrx_word' id='word_1_17' title='bbox 1027 663 1202 750; x_wconf 77' lang='lat' dir='ltr'><strong>paraphrasi</strong></span> <span class='ocrx_word' id='word_1_18' title='bbox 1218 665 1292 732; x_wconf 84' lang='lat' dir='ltr'>haec</span> 
     </span>
     <span class='ocr_line' id='line_1_4' title="bbox 280 770 1293 860; baseline 0.006 -22"><span class='ocrx_word' id='word_1_19' title='bbox 280 774 370 840; x_wconf 81' lang='lat' dir='ltr'>verba</span> <span class='ocrx_word' id='word_1_20' title='bbox 395 773 498 838; x_wconf 87' lang='lat' dir='ltr'>addat:</span> <span class='ocrx_word' id='word_1_21' title='bbox 530 770 627 840; x_wconf 75' lang='grc' dir='ltr'><strong><em>οὐδὲν</em></strong></span> <span class='ocrx_word' id='word_1_22' title='bbox 652 770 715 858; x_wconf 72' lang='grc' dir='ltr'>γὰρ</span> <span class='ocrx_word' id='word_1_23' title='bbox 739 773 827 838; x_wconf 68' lang='grc' dir='ltr'><strong><em>ἔκταν</em></strong></span> <span class='ocrx_word' id='word_1_24' title='bbox 849 771 885 838; x_wconf 84' lang='lat' dir='ltr'>cd</span> <span class='ocrx_word' id='word_1_25' title='bbox 909 776 1042 860; x_wconf 75' lang='grc' dir='ltr'><strong><em>νοητόν,</em></strong></span> <span class='ocrx_word' id='word_1_26' title='bbox 1072 774 1158 842; x_wconf 70' lang='grc' dir='ltr'>ἀλλὰ</span> <span class='ocrx_word' id='word_1_27' title='bbox 1182 777 1293 844; x_wconf 77' lang='grc' dir='ltr'><strong><em>πάντα</em></strong></span> 
     </span>
     <span class='ocr_line' id='line_1_5' title="bbox 278 884 1292 981; baseline 0.008 -27"><span class='ocrx_word' id='word_1_28' title='bbox 278 886 317 954; x_wconf 78' lang='lat' dir='ltr'>cd</span> <span class='ocrx_word' id='word_1_29' title='bbox 348 889 426 954; x_wconf 78' lang='grc' dir='ltr'><strong><em>ὄντα</em></strong></span> <span class='ocrx_word' id='word_1_30' title='bbox 456 889 613 974; x_wconf 75' lang='grc' dir='ltr'>αἰσθητά·</span> <span class='ocrx_word' id='word_1_31' title='bbox 641 890 788 954; x_wconf 75' lang='grc' dir='ltr'><strong><em>τοιοῦτον</em></strong></span> <span class='ocrx_word' id='word_1_32' title='bbox 809 884 872 974; x_wconf 75' lang='lat' dir='ltr'>reip</span> <span class='ocrx_word' id='word_1_33' title='bbox 895 886 935 952; x_wconf 82' lang='lat' dir='ltr'>coi</span> <span class='ocrx_word' id='word_1_34' title='bbox 959 890 1022 955; x_wconf 79' lang='lat' dir='ltr'>tta</span> <span class='ocrx_word' id='word_1_35' title='bbox 1044 899 1098 956; x_wconf 78' lang='grc' dir='ltr'>καὶ</span> <span class='ocrx_word' id='word_1_36' title='bbox 1122 892 1292 981; x_wconf 80' lang='grc' dir='ltr'><strong><em>συναμφό-</em></strong></span> 
     </span>
     <span class='ocr_line' id='line_1_6' title="bbox 279 986 1293 1100; baseline 0.01 -32"><span class='ocrx_word' id='word_1_37' title='bbox 279 1027 369 1089; x_wconf 73' lang='grc' dir='ltr'><strong><em>τερα,</em></strong></span> <span class='ocrx_word' id='word_1_38' title='bbox 392 1017 471 1084; x_wconf 75' lang='grc' dir='ltr'><strong><em>παρ’</em></strong></span> <span class='ocrx_word' id='word_1_39' title='bbox 494 1005 516 1067; x_wconf 80' lang='grc' dir='ltr'><em>ἃ</em></span> <span class='ocrx_word' id='word_1_40' title='bbox 539 1013 640 1068; x_wconf 69' lang='grc' dir='ltr'><strong><em>κεῖται</em></strong></span> <span class='ocrx_word' id='word_1_41' title='bbox 656 986 758 1089; x_wconf 75' lang='grc' dir='ltr'><strong><em>μηδὲν</em></strong></span> <span class='ocrx_word' id='word_1_42' title='bbox 775 1003 873 1081; x_wconf 72' lang='lat' dir='ltr'>titio,</span> <span class='ocrx_word' id='word_1_43' title='bbox 897 1027 1074 1094; x_wconf 84' lang='lat' dir='ltr'>quamquam</span> <span class='ocrx_word' id='word_1_44' title='bbox 1091 1012 1155 1097; x_wconf 90' lang='lat' dir='ltr'>ipse</span> <span class='ocrx_word' id='word_1_45' title='bbox 1171 1034 1293 1100; x_wconf 88' lang='lat' dir='ltr'>quoquc</span> 
     </span>
     <span class='ocr_line' id='line_1_7' title="bbox 279 1122 1290 1214; baseline 0.006 -28"><span class='ocrx_word' id='word_1_46' title='bbox 279 1142 445 1198; x_wconf 84' lang='lat' dir='ltr'>connexum</span> <span class='ocrx_word' id='word_1_47' title='bbox 469 1123 679 1186; x_wconf 86' lang='lat' dir='ltr'>sententiarum</span> <span class='ocrx_word' id='word_1_48' title='bbox 703 1142 762 1184; x_wconf 88' lang='lat' dir='ltr'>oon</span> <span class='ocrx_word' id='word_1_49' title='bbox 782 1125 945 1208; x_wconf 81' lang='lat' dir='ltr'><strong>perspexit.</strong></span> <span class='ocrx_word' id='word_1_50' title='bbox 983 1122 1072 1205; x_wconf 84' lang='lat' dir='ltr'>Quod</span> <span class='ocrx_word' id='word_1_51' title='bbox 1096 1140 1192 1192; x_wconf 85' lang='lat' dir='ltr'>autem</span> <span class='ocrx_word' id='word_1_52' title='bbox 1209 1131 1290 1214; x_wconf 90' lang='lat' dir='ltr'>prio·</span> 
     </span>
     <span class='ocr_line' id='line_1_8' title="bbox 278 1237 1288 1329; baseline 0.007 -29"><span class='ocrx_word' id='word_1_53' title='bbox 278 1258 338 1300; x_wconf 91' lang='lat' dir='ltr'>rem</span> <span class='ocrx_word' id='word_1_54' title='bbox 369 1239 571 1324; x_wconf 86' lang='lat' dir='ltr'>quaestionem</span> <span class='ocrx_word' id='word_1_55' title='bbox 600 1237 693 1302; x_wconf 81' lang='lat' dir='ltr'>multo</span> <span class='ocrx_word' id='word_1_56' title='bbox 723 1238 858 1301; x_wconf 86' lang='lat' dir='ltr'>latiorem</span> <span class='ocrx_word' id='word_1_57' title='bbox 883 1237 973 1302; x_wconf 85' lang='lat' dir='ltr'>altera</span> <span class='ocrx_word' id='word_1_58' title='bbox 998 1238 1076 1316; x_wconf 84' lang='lat' dir='ltr'>dixi,</span> <span class='ocrx_word' id='word_1_59' title='bbox 1109 1242 1198 1308; x_wconf 83' lang='lat' dir='ltr'>idox</span> <span class='ocrx_word' id='word_1_60' title='bbox 1222 1246 1288 1329; x_wconf 86' lang='lat' dir='ltr'>ipso</span> 
     </span>
     <span class='ocr_line' id='line_1_9' title="bbox 278 1347 1286 1444; baseline 0.006 -28"><span class='ocrx_word' id='word_1_61' title='bbox 278 1353 418 1418; x_wconf 84' lang='lat' dir='ltr'>hocloco</span> <span class='ocrx_word' id='word_1_62' title='bbox 436 1354 488 1418; x_wconf 81' lang='lat' dir='ltr'>Ar.</span> <span class='ocrx_word' id='word_1_63' title='bbox 508 1365 641 1440; x_wconf 89' lang='lat' dir='ltr'>apparet.</span> <span class='ocrx_word' id='word_1_64' title='bbox 677 1347 762 1427; x_wconf 71' lang='lat' dir='ltr'>Nam,</span> <span class='ocrx_word' id='word_1_65' title='bbox 787 1354 810 1415; x_wconf 93' lang='lat' dir='ltr'>si</span> <span class='ocrx_word' id='word_1_66' title='bbox 828 1355 893 1438; x_wconf 91' lang='lat' dir='ltr'>quis</span> <span class='ocrx_word' id='word_1_67' title='bbox 912 1357 1105 1441; x_wconf 82' lang='lat' dir='ltr'>quaesiverit,</span> <span class='ocrx_word' id='word_1_68' title='bbox 1130 1359 1286 1444; x_wconf 89' lang='lat' dir='ltr'>numquid</span> 
     </span>
     <span class='ocr_line' id='line_1_10' title="bbox 278 1467 1281 1557; baseline 0.001 -24"><span class='ocrx_word' id='word_1_69' title='bbox 278 1482 396 1554; x_wconf 88' lang='lat' dir='ltr'>praeter</span> <span class='ocrx_word' id='word_1_70' title='bbox 423 1469 554 1554; x_wconf 78' lang='lat' dir='ltr'>singulas</span> <span class='ocrx_word' id='word_1_71' title='bbox 584 1490 630 1532; x_wconf 92' lang='lat' dir='ltr'>res</span> <span class='ocrx_word' id='word_1_72' title='bbox 658 1467 828 1554; x_wconf 87' lang='lat' dir='ltr'>ponendum</span> <span class='ocrx_word' id='word_1_73' title='bbox 857 1472 911 1545; x_wconf 88' lang='lat' dir='ltr'>ait,</span> <span class='ocrx_word' id='word_1_74' title='bbox 942 1483 971 1534; x_wconf 89' lang='lat' dir='ltr'>ct</span> <span class='ocrx_word' id='word_1_75' title='bbox 993 1493 1099 1557; x_wconf 82' lang='lat' dir='ltr'>genera</span> <span class='ocrx_word' id='word_1_76' title='bbox 1122 1484 1150 1534; x_wconf 87' lang='lat' dir='ltr'>et</span> <span class='ocrx_word' id='word_1_77' title='bbox 1171 1473 1281 1554; x_wconf 86' lang='lat' dir='ltr'>speeies</span> 
     </span>
     <span class='ocr_line' id='line_1_11' title="bbox 279 1583 1280 1672; baseline 0 -24"><span class='ocrx_word' id='word_1_78' title='bbox 279 1596 309 1648; x_wconf 88' lang='lat' dir='ltr'>et</span> <span class='ocrx_word' id='word_1_79' title='bbox 331 1584 463 1669; x_wconf 76' lang='lat' dir='ltr'>singulae</span> <span class='ocrx_word' id='word_1_80' title='bbox 485 1583 596 1648; x_wconf 77' lang='lat' dir='ltr'>formae</span> <span class='ocrx_word' id='word_1_81' title='bbox 611 1586 641 1647; x_wconf 88' lang='lat' dir='ltr'>iu</span> <span class='ocrx_word' id='word_1_82' title='bbox 658 1605 777 1650; x_wconf 86' lang='lat' dir='ltr'>consum</span> <span class='ocrx_word' id='word_1_83' title='bbox 794 1584 929 1649; x_wconf 84' lang='lat' dir='ltr'>vocanda</span> <span class='ocrx_word' id='word_1_84' title='bbox 945 1598 1033 1664; x_wconf 83' lang='lat' dir='ltr'>auut3</span> <span class='ocrx_word' id='word_1_85' title='bbox 1053 1588 1096 1650; x_wconf 89' lang='lat' dir='ltr'>sin</span> <span class='ocrx_word' id='word_1_86' title='bbox 1112 1587 1187 1672; x_wconf 87' lang='lat' dir='ltr'>quia,</span> <span class='ocrx_word' id='word_1_87' title='bbox 1210 1606 1280 1648; x_wconf 89' lang='lat' dir='ltr'>uum</span> 
     </span>
     <span class='ocr_line' id='line_1_12' title="bbox 279 1698 1285 1788; baseline -0.001 -24"><span class='ocrx_word' id='word_1_88' title='bbox 279 1698 351 1786; x_wconf 91' lang='lat' dir='ltr'>quid</span> <span class='ocrx_word' id='word_1_89' title='bbox 379 1713 498 1786; x_wconf 89' lang='lat' dir='ltr'>praeter</span> <span class='ocrx_word' id='word_1_90' title='bbox 517 1722 563 1765; x_wconf 89' lang='lat' dir='ltr'>res</span> <span class='ocrx_word' id='word_1_91' title='bbox 588 1713 756 1778; x_wconf 86' lang='lat' dir='ltr'>concretas,</span> <span class='ocrx_word' id='word_1_92' title='bbox 788 1723 820 1765; x_wconf 90' lang='lat' dir='ltr'>ca</span> <span class='ocrx_word' id='word_1_93' title='bbox 845 1701 925 1778; x_wconf 82' lang='lat' dir='ltr'>sola,</span> <span class='ocrx_word' id='word_1_94' title='bbox 956 1724 994 1766; x_wconf 84' lang='lat' dir='ltr'>ex</span> <span class='ocrx_word' id='word_1_95' title='bbox 1018 1701 1126 1788; x_wconf 83' lang='lat' dir='ltr'>q‘uibua</span> <span class='ocrx_word' id='word_1_96' title='bbox 1147 1722 1194 1766; x_wconf 86' lang='lat' dir='ltr'>res</span> <span class='ocrx_word' id='word_1_97' title='bbox 1217 1720 1285 1764; x_wconf 88' lang='lat' dir='ltr'>coa·</span> 
     </span>
     <span class='ocr_line' id='line_1_13' title="bbox 279 1813 1191 1894; baseline 0.004 -18"><span class='ocrx_word' id='word_1_98' title='bbox 279 1815 380 1890; x_wconf 84' lang='lat' dir='ltr'>luerit,</span> <span class='ocrx_word' id='word_1_99' title='bbox 405 1813 529 1880; x_wconf 77' lang='lat' dir='ltr'>sormam</span> <span class='ocrx_word' id='word_1_100' title='bbox 553 1817 620 1880; x_wconf 93' lang='lat' dir='ltr'>dico</span> <span class='ocrx_word' id='word_1_101' title='bbox 645 1829 674 1880; x_wconf 92' lang='lat' dir='ltr'>et</span> <span class='ocrx_word' id='word_1_102' title='bbox 696 1819 862 1894; x_wconf 75' lang='lat' dir='ltr'>materiam,</span> <span class='ocrx_word' id='word_1_103' title='bbox 888 1820 1050 1882; x_wconf 85' lang='lat' dir='ltr'>exaroioari</span> <span class='ocrx_word' id='word_1_104' title='bbox 1074 1817 1191 1882; x_wconf 87' lang='lat' dir='ltr'>debent.</span> 
     </span>
    </p>

    <p class='ocr_par' dir='ltr' id='par_1_3' title="bbox 275 1927 1290 3521">
     <span class='ocr_line' id='line_1_14' title="bbox 348 1927 1288 2017; baseline -0.001 -23"><span class='ocrx_word' id='word_1_105' title='bbox 348 1927 447 1994; x_wconf 64' lang='grc' dir='ltr'>1003ἃ</span> <span class='ocrx_word' id='word_1_106' title='bbox 462 1929 489 1994; x_wconf 99' lang='grc'>1.</span> <span class='ocrx_word' id='word_1_107' title='bbox 514 1931 670 2016; x_wconf 80' lang='grc' dir='ltr'><strong><em>πρότερον</em></strong></span> <span class='ocrx_word' id='word_1_108' title='bbox 691 1927 754 2016; x_wconf 76' lang='grc' dir='ltr'>γὰρ</span> <span class='ocrx_word' id='word_1_109' title='bbox 776 1929 796 2017; x_wconf 76' lang='grc' dir='ltr'><em>ἢ</em></span> <span class='ocrx_word' id='word_1_110' title='bbox 820 1931 956 2016; x_wconf 82' lang='grc' dir='ltr'><strong><em>δύναμις</em></strong></span> <span class='ocrx_word' id='word_1_111' title='bbox 971 1932 1093 2017; x_wconf 73' lang='grc' dir='ltr'><strong><em>ἐκείνης</em></strong></span> <span class='ocrx_word' id='word_1_112' title='bbox 1107 1932 1160 2015; x_wconf 79' lang='grc' dir='ltr'>τῆς</span> <span class='ocrx_word' id='word_1_113' title='bbox 1175 1930 1288 2004; x_wconf 65' lang='lat' dir='ltr'>aicius,</span> 
     </span>
     <span class='ocr_line' id='line_1_15' title="bbox 278 2039 1290 2126; baseline -0.001 -16"><span class='ocrx_word' id='word_1_114' title='bbox 278 2041 314 2110; x_wconf 81' lang='lat' dir='ltr'>cd</span> <span class='ocrx_word' id='word_1_115' title='bbox 339 2044 376 2110; x_wconf 72' lang='grc' dir='ltr'>δὲ</span> <span class='ocrx_word' id='word_1_116' title='bbox 400 2041 541 2111; x_wconf 78' lang='grc' dir='ltr'><strong><em>δυνατὸν</em></strong></span> <span class='ocrx_word' id='word_1_117' title='bbox 564 2039 622 2109; x_wconf 81' lang='lat' dir='ltr'>oe’ac</span> <span class='ocrx_word' id='word_1_118' title='bbox 638 2042 818 2126; x_wconf 74' lang='grc' dir='ltr'><strong><em>ἀναγκαίον</em></strong></span> <span class='ocrx_word' id='word_1_119' title='bbox 833 2047 960 2122; x_wconf 74' lang='grc' dir='ltr'><strong><em>ἐκείνως</em></strong></span> <span class='ocrx_word' id='word_1_120' title='bbox 974 2047 1041 2112; x_wconf 83' lang='grc' dir='ltr'>πᾶν</span> <span class='ocrx_word' id='word_1_121' title='bbox 1055 2045 1149 2125; x_wconf 80' lang='grc' dir='ltr'><strong><em>ἔχειν.</em></strong></span> <span class='ocrx_word' id='word_1_122' title='bbox 1182 2046 1290 2110; x_wconf 88' lang='lat' dir='ltr'>Poste-</span> 
     </span>
     <span class='ocr_line' id='line_1_16' title="bbox 277 2163 1290 2249; baseline -0.004 -23"><span class='ocrx_word' id='word_1_123' title='bbox 277 2165 340 2227; x_wconf 90' lang='lat' dir='ltr'>rior</span> <span class='ocrx_word' id='word_1_124' title='bbox 368 2165 512 2228; x_wconf 88' lang='lat' dir='ltr'>sententia</span> <span class='ocrx_word' id='word_1_125' title='bbox 536 2174 649 2227; x_wconf 89' lang='lat' dir='ltr'>tautum</span> <span class='ocrx_word' id='word_1_126' title='bbox 674 2163 773 2240; x_wconf 89' lang='lat' dir='ltr'>abest,</span> <span class='ocrx_word' id='word_1_127' title='bbox 803 2177 836 2228; x_wconf 90' lang='lat' dir='ltr'>ut</span> <span class='ocrx_word' id='word_1_128' title='bbox 859 2166 952 2249; x_wconf 79' lang='lat' dir='ltr'>priori</span> <span class='ocrx_word' id='word_1_129' title='bbox 975 2164 1086 2246; x_wconf 89' lang='lat' dir='ltr'>opponi</span> <span class='ocrx_word' id='word_1_130' title='bbox 1110 2164 1222 2245; x_wconf 88' lang='lat' dir='ltr'>possit,</span> <span class='ocrx_word' id='word_1_131' title='bbox 1253 2173 1290 2222; x_wconf 88' lang='lat' dir='ltr'>ut</span> 
     </span>
     <span class='ocr_line' id='line_1_17' title="bbox 278 2273 1290 2365; baseline -0.002 -25"><span class='ocrx_word' id='word_1_132' title='bbox 278 2279 407 2364; x_wconf 81' lang='lat' dir='ltr'>priorem</span> <span class='ocrx_word' id='word_1_133' title='bbox 430 2278 540 2364; x_wconf 84' lang='lat' dir='ltr'>probet</span> <span class='ocrx_word' id='word_1_134' title='bbox 562 2278 724 2365; x_wconf 89' lang='lat' dir='ltr'>firmetque.</span> <span class='ocrx_word' id='word_1_135' title='bbox 767 2280 828 2345; x_wconf 86' lang='lat' dir='ltr'>Nee</span> <span class='ocrx_word' id='word_1_136' title='bbox 852 2277 933 2365; x_wconf 89' lang='lat' dir='ltr'>quod</span> <span class='ocrx_word' id='word_1_137' title='bbox 956 2276 1136 2362; x_wconf 82' lang='lat' dir='ltr'>grammatici</span> <span class='ocrx_word' id='word_1_138' title='bbox 1160 2273 1196 2338; x_wconf 87' lang='lat' dir='ltr'>dc</span> <span class='ocrx_word' id='word_1_139' title='bbox 1215 2295 1290 2338; x_wconf 87' lang='lat' dir='ltr'>cou-</span> 
     </span>
     <span class='ocr_line' id='line_1_18' title="bbox 278 2389 1287 2482; baseline -0.005 -24"><span class='ocrx_word' id='word_1_140' title='bbox 278 2396 409 2458; x_wconf 88' lang='lat' dir='ltr'>secutiva</span> <span class='ocrx_word' id='word_1_141' title='bbox 433 2397 463 2457; x_wconf 84' lang='lat' dir='ltr'>vi</span> <span class='ocrx_word' id='word_1_142' title='bbox 487 2393 648 2479; x_wconf 79' lang='lat' dir='ltr'>particulae</span> <span class='ocrx_word' id='word_1_143' title='bbox 679 2393 762 2482; x_wconf 51' lang='lat' dir='ltr'>»di«,</span> <span class='ocrx_word' id='word_1_144' title='bbox 790 2396 913 2470; x_wconf 88' lang='lat' dir='ltr'>docent,</span> <span class='ocrx_word' id='word_1_145' title='bbox 938 2391 976 2456; x_wconf 88' lang='lat' dir='ltr'>ad</span> <span class='ocrx_word' id='word_1_146' title='bbox 999 2413 1050 2456; x_wconf 88' lang='lat' dir='ltr'>eos</span> <span class='ocrx_word' id='word_1_147' title='bbox 1068 2391 1149 2454; x_wconf 90' lang='lat' dir='ltr'>iocos</span> <span class='ocrx_word' id='word_1_148' title='bbox 1166 2389 1287 2454; x_wconf 84' lang='lat' dir='ltr'>extendi</span> 
     </span>
     <span class='ocr_line' id='line_1_19' title="bbox 277 2504 1287 2596; baseline -0.006 -23"><span class='ocrx_word' id='word_1_149' title='bbox 277 2522 391 2596; x_wconf 85' lang='lat' dir='ltr'>potest,</span> <span class='ocrx_word' id='word_1_150' title='bbox 416 2509 467 2574; x_wconf 90' lang='lat' dir='ltr'>ubi</span> <span class='ocrx_word' id='word_1_151' title='bbox 491 2510 564 2574; x_wconf 89' lang='lat' dir='ltr'>nihii</span> <span class='ocrx_word' id='word_1_152' title='bbox 586 2513 657 2574; x_wconf 88' lang='lat' dir='ltr'>novi</span> <span class='ocrx_word' id='word_1_153' title='bbox 681 2510 818 2589; x_wconf 79' lang='lat' dir='ltr'>addatur,</span> <span class='ocrx_word' id='word_1_154' title='bbox 843 2509 896 2574; x_wconf 91' lang='lat' dir='ltr'>sed</span> <span class='ocrx_word' id='word_1_155' title='bbox 919 2512 1005 2574; x_wconf 89' lang='lat' dir='ltr'>unice</span> <span class='ocrx_word' id='word_1_156' title='bbox 1026 2504 1204 2593; x_wconf 83' lang='lat' dir='ltr'>praerodens</span> <span class='ocrx_word' id='word_1_157' title='bbox 1219 2525 1287 2568; x_wconf 87' lang='lat' dir='ltr'>sen-</span> 
     </span>
     <span class='ocr_line' id='line_1_20' title="bbox 276 2617 1287 2714; baseline -0.008 -24"><span class='ocrx_word' id='word_1_158' title='bbox 276 2630 368 2692; x_wconf 84' lang='lat' dir='ltr'>tentia</span> <span class='ocrx_word' id='word_1_159' title='bbox 392 2627 590 2691; x_wconf 85' lang='lat' dir='ltr'>confirmetur.</span> <span class='ocrx_word' id='word_1_160' title='bbox 628 2627 731 2714; x_wconf 89' lang='lat' dir='ltr'>ltaque</span> <span class='ocrx_word' id='word_1_161' title='bbox 755 2627 802 2690; x_wconf 87' lang='lat' dir='ltr'>hic</span> <span class='ocrx_word' id='word_1_162' title='bbox 824 2625 921 2710; x_wconf 84' lang='lat' dir='ltr'>legere</span> <span class='ocrx_word' id='word_1_163' title='bbox 943 2624 1043 2688; x_wconf 87' lang='lat' dir='ltr'>velim:</span> <span class='ocrx_word' id='word_1_164' title='bbox 1067 2621 1163 2699; x_wconf 79' lang='grc' dir='ltr'>τόγε</span> <span class='ocrx_word' id='word_1_165' title='bbox 1186 2617 1287 2684; x_wconf 79' lang='grc' dir='ltr'><strong><em>δυνα-</em></strong></span> 
     </span>
     <span class='ocr_line' id='line_1_21' title="bbox 276 2734 1282 2829; baseline -0.007 -25"><span class='ocrx_word' id='word_1_166' title='bbox 276 2737 334 2804; x_wconf 79' lang='grc' dir='ltr'>τὸν</span> <span class='ocrx_word' id='word_1_167' title='bbox 346 2785 354 2802; x_wconf 93' lang='grc'><strong>.</strong></span> <span class='ocrx_word' id='word_1_168' title='bbox 368 2785 375 2803; x_wconf 91' lang='grc'><strong>.</strong></span> <span class='ocrx_word' id='word_1_169' title='bbox 389 2785 417 2804; x_wconf 88' lang='grc'>..</span> <span class='ocrx_word' id='word_1_170' title='bbox 433 2743 491 2806; x_wconf 86' lang='lat' dir='ltr'>hoc</span> <span class='ocrx_word' id='word_1_171' title='bbox 502 2764 606 2807; x_wconf 79' lang='lat' dir='ltr'>seusuz</span> <span class='ocrx_word' id='word_1_172' title='bbox 631 2745 714 2829; x_wconf 90' lang='lat' dir='ltr'>prior</span> <span class='ocrx_word' id='word_1_173' title='bbox 730 2754 774 2806; x_wconf 83' lang='lat' dir='ltr'>cst</span> <span class='ocrx_word' id='word_1_174' title='bbox 789 2742 922 2827; x_wconf 90' lang='lat' dir='ltr'>potentia</span> <span class='ocrx_word' id='word_1_175' title='bbox 939 2752 1033 2816; x_wconf 84' lang='lat' dir='ltr'>actus,</span> <span class='ocrx_word' id='word_1_176' title='bbox 1049 2739 1187 2802; x_wconf 89' lang='lat' dir='ltr'>nimirum</span> <span class='ocrx_word' id='word_1_177' title='bbox 1204 2734 1282 2823; x_wconf 92' lang='lat' dir='ltr'>quod</span> 
     </span>
     <span class='ocr_line' id='line_1_22' title="bbox 275 2850 1284 2944; baseline -0.007 -22"><span class='ocrx_word' id='word_1_178' title='bbox 275 2857 417 2944; x_wconf 82' lang='lat' dir='ltr'>possibile</span> <span class='ocrx_word' id='word_1_179' title='bbox 440 2871 500 2935; x_wconf 88' lang='lat' dir='ltr'>est,</span> <span class='ocrx_word' id='word_1_180' title='bbox 524 2881 583 2922; x_wconf 89' lang='lat' dir='ltr'>nou</span> <span class='ocrx_word' id='word_1_181' title='bbox 608 2881 694 2924; x_wconf 89' lang='lat' dir='ltr'>omne</span> <span class='ocrx_word' id='word_1_182' title='bbox 717 2861 747 2923; x_wconf 92' lang='lat' dir='ltr'>iu</span> <span class='ocrx_word' id='word_1_183' title='bbox 763 2870 861 2924; x_wconf 86' lang='lat' dir='ltr'>aetum</span> <span class='ocrx_word' id='word_1_184' title='bbox 877 2855 1088 2922; x_wconf 77' lang='lat' dir='ltr'>transducitur.</span> <span class='ocrx_word' id='word_1_185' title='bbox 1120 2850 1284 2917; x_wconf 85' lang='lat' dir='ltr'>Partiouiae</span> 
     </span>
     <span class='ocr_line' id='line_1_23' title="bbox 284 2965 1285 3060; baseline -0.004 -27"><span class='ocrx_word' id='word_1_186' title='bbox 284 2991 359 3051; x_wconf 57' lang='grc' dir='ltr'>,γει</span> <span class='ocrx_word' id='word_1_187' title='bbox 390 2974 515 3039; x_wconf 85' lang='lat' dir='ltr'>articulo</span> <span class='ocrx_word' id='word_1_188' title='bbox 547 2973 693 3060; x_wconf 87' lang='lat' dir='ltr'>adjectae,</span> <span class='ocrx_word' id='word_1_189' title='bbox 724 2997 790 3040; x_wconf 87' lang='lat' dir='ltr'>cum</span> <span class='ocrx_word' id='word_1_190' title='bbox 815 2974 926 3038; x_wconf 88' lang='lat' dir='ltr'>nomini</span> <span class='ocrx_word' id='word_1_191' title='bbox 949 2973 1007 3055; x_wconf 89' lang='lat' dir='ltr'>ipsi</span> <span class='ocrx_word' id='word_1_192' title='bbox 1031 2967 1196 3056; x_wconf 79' lang='lat' dir='ltr'>adjicienda</span> <span class='ocrx_word' id='word_1_193' title='bbox 1219 2965 1285 3044; x_wconf 80' lang='lat' dir='ltr'>fuit,</span> 
     </span>
     <span class='ocr_line' id='line_1_24' title="bbox 276 3082 1287 3177; baseline -0.009 -22"><span class='ocrx_word' id='word_1_194' title='bbox 276 3090 408 3176; x_wconf 87' lang='lat' dir='ltr'>exempla</span> <span class='ocrx_word' id='word_1_195' title='bbox 433 3102 463 3154; x_wconf 89' lang='lat' dir='ltr'>et</span> <span class='ocrx_word' id='word_1_196' title='bbox 485 3089 565 3177; x_wconf 88' lang='lat' dir='ltr'>apud</span> <span class='ocrx_word' id='word_1_197' title='bbox 581 3089 634 3153; x_wconf 85' lang='lat' dir='ltr'>Ar.</span> <span class='ocrx_word' id='word_1_198' title='bbox 659 3100 690 3150; x_wconf 88' lang='lat' dir='ltr'>et</span> <span class='ocrx_word' id='word_1_199' title='bbox 712 3087 798 3173; x_wconf 78' lang='lat' dir='ltr'>apud</span> <span class='ocrx_word' id='word_1_200' title='bbox 815 3087 889 3150; x_wconf 89' lang='lat' dir='ltr'>aiios</span> <span class='ocrx_word' id='word_1_201' title='bbox 913 3098 1087 3150; x_wconf 89' lang='lat' dir='ltr'>occurrunt:</span> <span class='ocrx_word' id='word_1_202' title='bbox 1117 3089 1166 3150; x_wconf 90' lang='grc' dir='ltr'>Μ.</span> <span class='ocrx_word' id='word_1_203' title='bbox 1189 3082 1287 3148; x_wconf 80' lang='lat' dir='ltr'>cvltt</span> 
     </span>
     <span class='ocr_line' id='line_1_25' title="bbox 278 3194 1288 3288; baseline -0.009 -19"><span class='ocrx_word' id='word_1_204' title='bbox 278 3202 378 3270; x_wconf 80' lang='lat'><strong>1083¹³</strong></span> <span class='ocrx_word' id='word_1_205' title='bbox 392 3202 432 3268; x_wconf 87' lang='grc'>16</span> <span class='ocrx_word' id='word_1_206' title='bbox 456 3202 474 3264; x_wconf 89' lang='grc' dir='ltr'><strong><em>ὅ</em></strong></span> <span class='ocrx_word' id='word_1_207' title='bbox 496 3214 527 3282; x_wconf 75' lang='lat' dir='ltr'>y’</span> <span class='ocrx_word' id='word_1_208' title='bbox 540 3198 754 3288; x_wconf 69' lang='grc' dir='ltr'><strong><em>ἀριθμητικὸς</em></strong></span> <span class='ocrx_word' id='word_1_209' title='bbox 775 3194 921 3288; x_wconf 57' lang='lat' dir='ltr'>&amp;proptr</span> <span class='ocrx_word' id='word_1_210' title='bbox 934 3245 941 3262; x_wconf 89' lang='lat'>.</span> <span class='ocrx_word' id='word_1_211' title='bbox 1026 3213 1055 3265; x_wconf 87' lang='lat' dir='ltr'>et</span> <span class='ocrx_word' id='word_1_212' title='bbox 1074 3198 1174 3266; x_wconf 80' lang='lat'><strong>1083¹³</strong></span> <span class='ocrx_word' id='word_1_213' title='bbox 1187 3196 1229 3264; x_wconf 86' lang='grc'>14</span> <span class='ocrx_word' id='word_1_214' title='bbox 1250 3202 1288 3262; x_wconf 79' lang='lat' dir='ltr'>oi</span> 
     </span>
     <span class='ocr_line' id='line_1_26' title="bbox 275 3313 1284 3407; baseline -0.001 -27"><span class='ocrx_word' id='word_1_215' title='bbox 275 3341 311 3396; x_wconf 83' lang='grc' dir='ltr'>γε</span> <span class='ocrx_word' id='word_1_216' title='bbox 325 3313 489 3400; x_wconf 77' lang='grc' dir='ltr'>μονάδας,</span> <span class='ocrx_word' id='word_1_217' title='bbox 514 3318 666 3384; x_wconf 84' lang='lat' dir='ltr'>Demosth.</span> <span class='ocrx_word' id='word_1_218' title='bbox 684 3320 798 3407; x_wconf 88' lang='lat' dir='ltr'>olynth.</span> <span class='ocrx_word' id='word_1_219' title='bbox 815 3319 835 3395; x_wconf 90' lang='lat'>1,</span> <span class='ocrx_word' id='word_1_220' title='bbox 854 3317 895 3382; x_wconf 83' lang='lat'>27</span> <span class='ocrx_word' id='word_1_221' title='bbox 919 3326 986 3392; x_wconf 73' lang='grc' dir='ltr'><strong><em>τοῖς</em></strong></span> <span class='ocrx_word' id='word_1_222' title='bbox 1007 3340 1043 3397; x_wconf 73' lang='lat' dir='ltr'>ra</span> <span class='ocrx_word' id='word_1_223' title='bbox 1067 3315 1224 3402; x_wconf 71' lang='grc' dir='ltr'><strong><em>σώφροσις</em></strong></span> <span class='ocrx_word' id='word_1_224' title='bbox 1247 3313 1284 3380; x_wconf 83' lang='lat' dir='ltr'>ef.</span> 
     </span>
     <span class='ocr_line' id='line_1_27' title="bbox 275 3425 1097 3521; baseline -0.007 -21"><span class='ocrx_word' id='word_1_225' title='bbox 275 3436 431 3521; x_wconf 82' lang='lat' dir='ltr'>Aristoph.</span> <span class='ocrx_word' id='word_1_226' title='bbox 455 3435 527 3502; x_wconf 87' lang='lat' dir='ltr'>nuh.</span> <span class='ocrx_word' id='word_1_227' title='bbox 553 3460 580 3499; x_wconf 91' lang='lat' dir='ltr'>v.</span> <span class='ocrx_word' id='word_1_228' title='bbox 601 3433 685 3500; x_wconf 82' lang='lat'>1286</span> <span class='ocrx_word' id='word_1_229' title='bbox 709 3431 767 3498; x_wconf 78' lang='lat' dir='ltr'>cdv</span> <span class='ocrx_word' id='word_1_230' title='bbox 789 3432 884 3498; x_wconf 82' lang='grc' dir='ltr'><strong><em>τόκον</em></strong></span> <span class='ocrx_word' id='word_1_231' title='bbox 905 3425 1030 3507; x_wconf 83' lang='grc' dir='ltr'><strong><em>α’πόδος</em></strong></span> <span class='ocrx_word' id='word_1_232' title='bbox 1051 3456 1097 3520; x_wconf 71' lang='lat' dir='ltr'>re.</span> 
     </span>
    </p>

    <p class='ocr_par' dir='ltr' id='par_1_4' title="bbox 275 3545 1309 3986">
     <span class='ocr_line' id='line_1_28' title="bbox 345 3545 1287 3637; baseline -0.006 -21"><span class='ocrx_word' id='word_1_233' title='bbox 345 3549 508 3616; x_wconf 54' lang='grc'><strong>1003129.</strong></span> <span class='ocrx_word' id='word_1_234' title='bbox 528 3549 628 3635; x_wconf 76' lang='grc' dir='ltr'><strong><em>δῆλον</em></strong></span> <span class='ocrx_word' id='word_1_235' title='bbox 644 3549 676 3615; x_wconf 80' lang='grc' dir='ltr'>δ’</span> <span class='ocrx_word' id='word_1_236' title='bbox 688 3549 737 3614; x_wconf 79' lang='grc' dir='ltr'>ὅτι</span> <span class='ocrx_word' id='word_1_237' title='bbox 753 3545 791 3612; x_wconf 80' lang='lat' dir='ltr'>oei</span> <span class='ocrx_word' id='word_1_238' title='bbox 806 3549 971 3637; x_wconf 73' lang='grc' dir='ltr'><strong><em>χωρίζεται</em></strong></span> <span class='ocrx_word' id='word_1_239' title='bbox 985 3548 1053 3613; x_wconf 77' lang='grc' dir='ltr'>οὔτ’</span> <span class='ocrx_word' id='word_1_240' title='bbox 1065 3547 1118 3612; x_wconf 74' lang='grc' dir='ltr'>ἐπὶ</span> <span class='ocrx_word' id='word_1_241' title='bbox 1131 3549 1287 3627; x_wconf 75' lang='grc' dir='ltr'><strong><em>γενέσεως</em></strong></span> 
     </span>
     <span class='ocr_line' id='line_1_29' title="bbox 276 3661 1287 3751; baseline -0.002 -21"><span class='ocrx_word' id='word_1_242' title='bbox 276 3661 345 3730; x_wconf 80' lang='lat' dir='ltr'>oric’</span> <span class='ocrx_word' id='word_1_243' title='bbox 364 3663 416 3729; x_wconf 75' lang='grc' dir='ltr'>ἐπὶ</span> <span class='ocrx_word' id='word_1_244' title='bbox 443 3665 588 3751; x_wconf 70' lang='grc' dir='ltr'><em>φθορᾶς·</em></span> <span class='ocrx_word' id='word_1_245' title='bbox 621 3663 737 3750; x_wconf 84' lang='grc' dir='ltr'><strong><em>ὁμοίως</em></strong></span> <span class='ocrx_word' id='word_1_246' title='bbox 767 3665 804 3729; x_wconf 80' lang='grc' dir='ltr'>δὲ</span> <span class='ocrx_word' id='word_1_247' title='bbox 833 3671 886 3730; x_wconf 75' lang='grc' dir='ltr'>καὶ</span> <span class='ocrx_word' id='word_1_248' title='bbox 915 3665 969 3729; x_wconf 74' lang='grc' dir='ltr'>ἐπὶ</span> <span class='ocrx_word' id='word_1_249' title='bbox 989 3663 1048 3728; x_wconf 76' lang='lat' dir='ltr'>aori</span> <span class='ocrx_word' id='word_1_250' title='bbox 1069 3662 1149 3738; x_wconf 76' lang='grc' dir='ltr'><strong><em>ἑνός.</em></strong></span> <span class='ocrx_word' id='word_1_251' title='bbox 1187 3663 1287 3728; x_wconf 88' lang='lat' dir='ltr'>Multo</span> 
     </span>
     <span class='ocr_line' id='line_1_30' title="bbox 276 3779 1309 3868; baseline -0.002 -24"><span class='ocrx_word' id='word_1_252' title='bbox 276 3781 423 3847; x_wconf 83' lang='lat' dir='ltr'>difficilius</span> <span class='ocrx_word' id='word_1_253' title='bbox 448 3781 620 3867; x_wconf 86' lang='lat' dir='ltr'>exploratu,</span> <span class='ocrx_word' id='word_1_254' title='bbox 646 3779 717 3868; x_wconf 88' lang='lat' dir='ltr'>quid</span> <span class='ocrx_word' id='word_1_255' title='bbox 733 3782 786 3848; x_wconf 85' lang='lat' dir='ltr'>Ar.</span> <span class='ocrx_word' id='word_1_256' title='bbox 811 3783 856 3848; x_wconf 92' lang='lat' dir='ltr'>his</span> <span class='ocrx_word' id='word_1_257' title='bbox 878 3780 977 3846; x_wconf 89' lang='lat' dir='ltr'>verbis</span> <span class='ocrx_word' id='word_1_258' title='bbox 1000 3780 1166 3868; x_wconf 80' lang='lat' dir='ltr'>siguificare</span> <span class='ocrx_word' id='word_1_259' title='bbox 1180 3779 1309 3866; x_wconf 19' lang='lat' dir='ltr'>votur·-</span> 
     </span>
     <span class='ocr_line' id='line_1_31' title="bbox 275 3897 1286 3986; baseline -0.003 -25"><span class='ocrx_word' id='word_1_260' title='bbox 275 3900 329 3976; x_wconf 89' lang='lat' dir='ltr'>rit,</span> <span class='ocrx_word' id='word_1_261' title='bbox 355 3919 458 3983; x_wconf 87' lang='lat' dir='ltr'>quam,</span> <span class='ocrx_word' id='word_1_262' title='bbox 483 3901 535 3986; x_wconf 90' lang='lat' dir='ltr'>qui</span> <span class='ocrx_word' id='word_1_263' title='bbox 558 3916 661 3963; x_wconf 90' lang='lat' dir='ltr'>seusus</span> <span class='ocrx_word' id='word_1_264' title='bbox 686 3899 780 3966; x_wconf 87' lang='lat' dir='ltr'>inesse</span> <span class='ocrx_word' id='word_1_265' title='bbox 804 3921 863 3964; x_wconf 90' lang='lat' dir='ltr'>uon</span> <span class='ocrx_word' id='word_1_266' title='bbox 886 3900 991 3982; x_wconf 88' lang='lat' dir='ltr'>possit.</span> <span class='ocrx_word' id='word_1_267' title='bbox 1036 3898 1137 3984; x_wconf 83' lang='lat' dir='ltr'>Atque</span> <span class='ocrx_word' id='word_1_268' title='bbox 1161 3916 1195 3960; x_wconf 88' lang='lat' dir='ltr'>ea</span> <span class='ocrx_word' id='word_1_269' title='bbox 1219 3897 1286 3982; x_wconf 89' lang='lat' dir='ltr'>qui·</span> 
     </span>
    </p>
   </div>
   <div class='ocr_carea' id='block_1_3' title="bbox 0 0 1460 4778">
    <p class='ocr_par' dir='ltr' id='par_1_5' title="bbox 0 0 1460 4778">
     <span class='ocr_line' id='line_1_32' title="bbox 0 0 1460 4778; baseline 0 1"><span class='ocrx_word' id='word_1_270' title='bbox 0 0 1460 4778; x_wconf 95' lang='lat' dir='ltr'> </span> 
     </span>
    </p>
   </div>
  </div>
 </body>
</html>
