2910 4778
614 390 772 484 A

194 605 228 620 -
247 562 362 630 adroic.
411 565 525 649 Quodsi
555 567 621 653 quis
646 561 768 644 dixerit,
788 551 900 630 omnes
925 561 1042 652 quidem
1066 566 1199 632 homiues
1256 656 1259 661 -

188 687 288 748 inuata
305 685 333 746 vi
359 683 484 758 moveri,
510 680 646 747 sednon
670 704 770 746 omues
794 703 859 747 eum
877 684 907 745 in
923 682 1053 760 modum,
1079 695 1112 746 ut
1127 682 1200 748 haec

102 829 106 837 ¹
188 799 235 864 vel
264 800 313 864 illa
341 821 389 864 res
418 812 605 885 procreetur:
640 812 702 863 tum
731 799 822 863 multo
847 801 939 886 magis
961 797 1085 863 verbum
1109 819 1199 885 agene

189 912 277 1004 quam
306 914 435 1001 patiendi
466 917 631 1001 exspectari
660 915 765 1001 urgere
795 915 881 990 nolo,
912 914 942 978 id
966 928 1062 978 autem
1087 927 1199 980 certum

190 1041 342 1118 apparet‚'
360 1031 493 1094 homines
522 1029 560 1094 ad
583 1052 642 1094 rem
667 1029 847 1094 alliciendam
872 1033 967 1094 minus
991 1030 1103 1095 habiles
1127 1034 1199 1095 artis

188 1148 333 1232 imperitia
355 1149 448 1232 premi
472 1146 575 1210 solere.
611 1146 704 1232 Atqui
728 1147 796 1212 hino
820 1167 924 1211 sensus
948 1148 1113 1212 contrarius
1138 1145 1199 1210 effi-

189 1274 312 1326 ceretur.
358 1261 474 1326 Etenim
504 1265 539 1337 ii,
573 1263 623 1348 qui
653 1273 758 1347 sponte
788 1262 867 1326 hune
889 1265 919 1326 iu
943 1260 1062 1326 modum
1087 1263 1199 1325 moveri

189 1389 325 1462 possent,
354 1377 487 1441 homines
518 1399 577 1440 non
609 1376 697 1440 rudes
729 1359 780 1442 sed
805 1376 901 1440 callidi
925 1399 958 1442 ae
981 1380 1068 1463 periti
1092 1389 1197 1442 esseut.

189 1490 250 1556 Sed
273 1493 346 1557 haee
370 1495 466 1556 omnia
490 1496 624 1577 argutius
649 1490 798 1578 disputata
822 1505 901 1556 suut.
940 1491 1097 1556 Manifesto
1123 1495 1198 1586 enim

189 1609 279 1672 verba
302 1611 463 1673 ascatades
486 1648 518 1658 -
539 1611 653 1692 τέχνην
676 1630 714 1670 ex
737 1607 912 1694 glossemate
935 1611 964 1670 in
989 1621 1102 1672 textum
1126 1611 1199 1673 irre-

68 1783 80 1794 ,
190 1737 321 1808 pserunt.
357 1724 440 1788 Hane
464 1723 501 1788 ad
525 1726 697 1788 sententiam
721 1745 766 1786 me
789 1725 915 1808 primum
941 1722 1030 1788 duxit
1042 1723 1114 1788 fides
1131 1724 1197 1788 cod.

189 1837 231 1902 Ab
250 1841 309 1919 μὲν
325 1851 353 1902 et
375 1836 397 1923 ἢ
420 1842 590 1915 emittentis,
614 1839 799 1903 confirmavit
813 1839 976 1904 Alexandri
997 1840 1196 1926 paraphrasis.

188 1955 289 2040 Atque
313 1953 387 2018 adeo
411 1977 448 2020 ex
471 1957 535 2042 ipso
560 1954 731 2021 Alexandro
756 1957 937 2043 intelligitur,
963 1959 1014 2042 qui
1037 1957 1086 2020 illa
1110 1960 1199 2020 inter·

189 2070 301 2158 polatio
332 2085 396 2136 orta
425 2075 471 2137 sit.
518 2073 593 2138 Nam
624 2074 773 2160 glossator
796 2073 915 2159 quidam
939 2075 969 2134 in
994 2074 1124 2158 margine
1148 2071 1200 2134 ad·

184 2187 297 2270 jecerat
330 2188 366 2252 ad
402 2189 610 2275 κινηθήσεται
643 2187 846 2253 subaudienda
878 2209 939 2250 esse
968 2182 1009 2250 υοί
1038 2189 1200 2250 arroteritae

191 2299 355 2382 δυνάμενα
378 2300 459 2366 αὐτοὶ
483 2305 528 2368 vel
558 2305 754 2391 negligentius
783 2304 980 2386 planopiano
1001 2297 1058 2366 ὑπ’
1084 2298 1200 2378 αὐτῶν,

191 2414 265 2478 alius
289 2415 407 2501 quidam
432 2421 542 2480 variam
572 2421 724 2484 lectionem
748 2415 803 2483 ὑπ’
829 2413 941 2482 ἄλλων
963 2455 1003 2466 -
1026 2421 1140 2502 τέχνην
1162 2417 1200 2482 ad

188 2533 253 2594 οων
268 2525 328 2610 οὐχ
344 2571 381 2584 -
400 2533 515 2616 τέχνην
531 2529 735 2598 adnotaverat.
771 2535 822 2598 His
838 2536 1022 2622 glossematis
1037 2539 1067 2598 in
1084 2511 1199 2598 textum

190 2647 275 2711 illatis
304 2650 466 2734 particulae
494 2653 606 2732 privet
634 2675 652 2735 η
676 2650 714 2715 ad
739 2653 828 2717 verba
857 2653 1032 2738 interpolata
1061 2673 1126 2715 eum
1150 2673 1200 2738 ge·

189 2766 286 2828 nuinis
315 2765 522 2851 conjungenda
552 2769 745 2850 interpositae
768 2781 853 2844 sunt;
886 2767 922 2831 ab
948 2781 1079 2832 extrema
1102 2780 1200 2833 tamen

189 2877 255 2939 labe
285 2878 350 2941 cod.
375 2879 415 2942 Ab
434 2881 548 2961 integer
577 2882 691 2942 mansit.
737 2878 932 2964 Difficultates
962 2885 1053 2967 igitur
1075 2885 1104 2943 in
1134 2904 1201 2945 cor·

189 2991 304 3077 ruptela
328 2992 416 3076 hujus
434 2994 649 3056 enrrueiationis
664 2995 812 3078 quaesivi3
838 2998 990 3079 sequentia
1007 2998 1081 3060 enim
1098 2997 1198 3073 verba,

189 3105 237 3172 ὅτι
258 3105 382 3191 τρόπον
397 3104 468 3173 τινὰ
491 3107 598 3173 πάντα
620 3112 761 3187 γίγνεται
777 3106 812 3186 ἐξ
830 3103 1013 3192 ὁμωνύμου,
1037 3109 1142 3195 ὥσπερ
1158 3107 1199 3174 ool

110 3237 113 3244 ’
190 3219 298 3306 φύσει,
323 3222 342 3308 ἢ
364 3224 397 3288 ἐκ
419 3200 535 3310 μέρους
558 3220 739 3308 ὁμωνύμου,
763 3219 866 3310 οἰονῆ
886 3226 970 3290 οἰκία
985 3225 1020 3304 ἐξ
1037 3226 1138 3302 οἰκίας
1151 3240 1181 3289 ..·
1193 3269 1201 3292 .

191 3337 210 3419 ἢ
233 3335 266 3396 ἐκ
288 3342 402 3418 μέρους
424 3343 444 3422 ἢ
467 3337 595 3419 ἔχοντός
617 3365 646 3404 υι
668 3343 772 3425 μέρος,
798 3341 881 3406 iaeila
905 3343 1045 3429 explicari
1061 3357 1198 3430 possunt,

192 3450 280 3514 modo
310 3455 391 3538 quis,
423 3455 518 3538 ipsum
542 3457 594 3520 Ar.
623 3469 756 3534 secutus,
789 3456 933 3543 duplicem
957 3462 1016 3522 vim
1041 3460 1200 3525 verborum
1283 3539 1288 3542 ,

124 3551 126 3555 ’
190 3565 224 3631 da
245 3570 363 3654 μέρους
384 3582 462 3634 reete
485 3584 636 3636 assecutus
661 3576 729 3638 erit:
755 3575 852 3638 omnia
875 3573 951 3638 flunt
974 3563 1025 3640 aut
1048 3599 1086 3641 ex
1109 3597 1200 3664 syuo-

190 3687 287 3772 nymis
311 3680 505 3770 (ἄνθρωπος
527 3685 563 3764 ἒξ
582 3665 787 3772 α’νθροίπου),
812 3703 863 3754 aut
879 3683 978 3767 exeo,
1005 3691 1085 3777 quod
1102 3693 1200 3778 aliqua

192 3823 228 3864 ex
252 3816 335 3889 parte
359 3823 557 3890 synonymum
581 3803 697 3896 dicatur
721 3799 753 3889 (ἦ
779 3807 864 3870 οἰκία
886 3799 906 3890 ἡ
931 3801 1049 3886 ἔχουσα
1070 3804 1151 3891 olipa
1166 3805 1200 3870 ἐκ

191 3915 243 4000 τῆς
267 3917 344 3983 ἄνευ
367 3917 445 4006 ttae
468 3919 595 4003 οἰκίας),
621 3934 672 3986 aut
696 3935 833 4008 exparte
851 3922 977 4009 quadam
994 3944 1034 3988 sc.
1053 3927 1093 3990 rei
1110 3946 1199 4012 syuo-
