2910 4778
700 381 860 479 jd-

272 555 408 636 tenditis,
433 557 511 634 isne,
535 558 587 644 qui
610 577 671 622 rem
695 561 736 625 ita
759 582 790 626 se
813 559 923 634 habere
947 559 1085 656 et'sirnul
1107 584 1168 630 uon
1185 584 1216 630 ec
1232 563 1285 630 ha·

271 672 341 738 bere
370 672 512 751 declaret,
544 695 645 739 verum
670 674 763 742 dictet
796 662 897 764 Atque
920 678 945 742 si
969 679 1084 765 etipse
1107 677 1219 746 fallitur
1244 721 1279 734 ·-

271 789 357 854 valde
387 792 461 855 enim
491 792 539 854 isti
569 790 731 868 cavebant,
762 815 798 858 ne
823 815 909 881 quern
933 813 1034 860 verum
1059 793 1157 864 dicere
1180 817 1284 864 conce·

272 904 375 976 derent
408 946 443 959 -
475 905 627 993 quomodo
658 929 727 986 voe,
761 908 901 974 Heracliti
931 909 1072 987 asseclae,
1103 913 1281 979 contendere

269 1025 410 1109 potestis,
441 1022 526 1088 talem
550 1044 614 1089 esse
637 1044 735 1088 rernm
759 1036 909 1101 naturam,
940 1027 1076 1092 nimirum
1101 1029 1141 1092 ita
1165 1049 1283 1114 cotnpa·

270 1150 379 1214 ratam,
410 1149 445 1204 ut
466 1158 514 1202 res
536 1151 681 1225 perpetuo
705 1139 825 1205 flumine
849 1141 1019 1216 volvantur,
1044 1141 1282 1230 necquidquam

271 1255 425 1320 immotum
450 1266 575 1319 maneat.
621 1253 736 1320 Etenim
767 1258 830 1334 isti,
862 1258 913 1342 qui
943 1257 1016 1340 ipsis
1039 1255 1086 1321 his
1110 1260 1282 1324 commentis

270 1368 306 1431 dc
336 1382 481 1454 perpetuo
509 1369 629 1432 flumine
659 1391 726 1445 eos,
757 1372 808 1455 qui
830 1391 928 1434 rerum
953 1383 1088 1437 naturam
1112 1372 1281 1438 definientes

270 1485 570 1569 circumscripserat,
594 1483 824 1570 redarguebant,
843 1489 889 1562 iis,
907 1489 959 1573 qui
975 1486 1196 1552 affirmationem
1212 1507 1276 1550 cum

270 1600 427 1684 negatione
440 1599 552 1686 ubique
565 1600 790 1686 conjungerent,
802 1600 978 1688 adstipulari
990 1601 1144 1668 debebant.
1162 1595 1275 1681 Quodsi

268 1715 324 1780 hos
349 1735 469 1802 quoquc
485 1737 587 1780 verum
611 1714 708 1780 dicere
733 1729 859 1803 negant,
885 1692 1036 1784 doctrinae
1053 1737 1123 1782 suae
1138 1715 1195 1801 ipsi
1212 1711 1279 1776 lun·

269 1829 438 1894 dementum
462 1831 653 1896 subtrabunt.
688 1831 754 1896 lem
777 1835 801 1896 si
826 1833 988 1900 adversarii
1010 1832 1163 1920 paululum
1179 1829 1280 1894 remis·

269 1947 362 2008 siores
385 1967 487 2010 verum
516 1969 552 2010 ne
576 1947 656 2012 illum
682 1946 800 2034 quidem
824 1949 937 2022 dicere,
967 1947 1020 2012 sed
1043 1960 1140 2012 tamen
1164 1943 1280 2008 veritati

268 2062 361 2147 tnagis
390 2062 631 2147 appropinquare
663 2062 808 2140 dixerint,
841 2063 938 2148 aliqua
962 2071 1040 2126 certe
1064 2081 1102 2122 ex
1124 2069 1208 2144 parte
1231 2077 1279 2120 res

268 2175 403 2241 definitae
431 2188 514 2240 sunt:
546 2176 625 2242 bunc
653 2180 729 2244 euim
754 2180 897 2244 veriorem
921 2176 971 2240 illo
994 2175 1167 2238 sententiam
1191 2169 1278 2248 lerre,

267 2291 385 2355 illorum
417 2295 595 2378 pertinaciae
626 2297 687 2381 jam
718 2307 869 2360 extortum
899 2303 953 2356 est.
1007 2289 1088 2357 Neve
1123 2289 1190 2375 quis
1220 2287 1279 2352 boc

269 2393 403 2494 argutius
432 2407 615 2494 disputatum
643 2431 707 2476 esse
737 2421 868 2486 censeat3
882 2415 885 2422 ’
899 2407 1048 2472 subtilitas
1072 2403 1217 2492 quaedam
1240 2402 1278 2468 eb

269 2525 376 2588 astutia
398 2522 651 2602 adversariorum,
677 2523 823 2613 quidquid
847 2527 913 2610 quis
937 2524 1048 2589 dixerit
1064 2524 1093 2586 in
1111 2521 1277 2607 oppositam
1298 2603 1299 2608 ἵ

267 2639 510 2705 contradictionis
538 2651 652 2722 partem
686 2642 794 2702 inverti
823 2659 912 2723 posse
940 2635 1181 2702 contendentium
1208 2655 1278 2721 pru·

267 2766 373 2820 vocata
396 2751 461 2818 suit.
497 2750 656 2839 Sequentis
680 2751 808 2838 denique
831 2755 1046 2818 enuntiationis
1070 2753 1146 2816 ratio
1165 2753 1218 2816 etsi
1238 2788 1275 2802 -

267 2893 305 2935 ne
332 2869 420 2934 ullam
449 2891 509 2934 rem
534 2867 738 2935 fraudulenter
761 2870 894 2934 omittam
928 2910 964 2922 -
995 2868 1131 2954 vulgatae
1160 2867 1279 2936 lectioni

268 2987 447 3070 patrocinari
463 2984 596 3064 videtur,
620 3008 656 3052 ne
680 2990 710 3052 in
734 2998 836 3050 nostra
860 2983 978 3067 quidem
1002 2983 1199 3067 explicatione
1225 2984 1279 3046 im·

267 3113 396 3186 portura
420 3113 473 3166 est.
508 3101 582 3165 Nam
607 3122 671 3163 cnm
691 3110 776 3160 autea
792 3097 844 3160 Ar.
863 3098 1038 3178 posterioris
1054 3106 1169 3158 tentum
1184 3098 1278 3179 partis

267 3216 441 3280 dilemmatis
462 3215 606 3276 rationem
630 3211 796 3286 habuisset,
822 3231 900 3274 nunc
921 3221 1076 3295 utramque
1098 3221 1211 3295 partem
1233 3231 1279 3276 re-

266 3333 375 3414 spexit,
400 3349 454 3392 nec
469 3350 545 3415 opus
562 3327 627 3402 suit,
651 3339 685 3391 ut
707 3329 835 3414 priorem
858 3337 982 3411 partem,
1006 3336 1173 3410 pertulum
1189 3337 1279 3412 caput

142 3439 149 3450 ⁸
262 3445 324 3529 jam
349 3445 556 3531 disceptatam‚
581 3441 679 3508 denuo
704 3442 855 3526 speciatim
879 3453 1040 3508 excuteret.

337 3555 436 3623 1013b
452 3553 503 3622 16.
528 3555 658 3622 ἅπαντα
682 3535 782 3621 δὲτὰ
805 3560 864 3624 νῦν
880 3558 1031 3643 εἰρημένα
1046 3559 1134 3622 αἴτια
1150 3553 1195 3626 εἰς
1207 3549 1275 3614 τέτ-

266 3693 367 3757 ταρας
381 3670 520 3755 τρόπους
535 3675 643 3736 πίπτει
654 3667 730 3746 τούς
746 3673 1000 3758 φανερωτάτους.
1025 3670 1100 3736 Cum
1112 3671 1164 3734 Ar.
1178 3689 1276 3732 exem·

266 3786 316 3871 pla
332 3789 361 3850 iu
377 3789 477 3874 priore
494 3790 599 3874 eapitis
615 3800 700 3875 parte
717 3788 803 3854 allata
816 3793 845 3853 in
860 3800 990 3877 quatuor
1001 3805 1155 3852 causarum
1168 3804 1276 3871 genera

197 3875 204 3902 ’
262 3903 324 3986 jam
340 3904 502 3992 redegisset
520 3900 545 3985 (ἃ
561 3903 714 3989 25-33),
738 3928 843 3994 parum
863 3904 1005 3968 concinne
1021 3902 1073 3966 Ar.
1090 3921 1177 3980 nunc,
1202 3913 1276 3966 tam·
