2962 4770
622 387 780 486 *οἵ*

198 571 321 638 ealorem
351 571 469 658 nigram
499 589 536 632 ex
565 565 695 655 perlecto
721 565 789 632 elbo
813 567 912 633 colore
936 569 1007 634 oriri
1031 567 1082 633 Ar.
1108 569 1204 656 elegit,

196 707 255 781 quo
279 688 455 774 apertiorem
484 707 544 750 rem
572 683 716 750 redderet.
764 683 878 750 Dubito
898 681 1044 774 denique,
1074 707 1144 751 num
1167 685 1205 752 ab

196 827 231 870 eo
254 826 358 882 sensu,
385 824 469 890 quem
486 801 621 890 equidem
641 804 852 888 interpretatus
868 823 942 880 sum,
967 803 1121 868 lectionem
1136 801 1207 870 ἐπεὶ

195 914 255 985 οὖν
282 915 324 1005 μὴ
357 913 470 982 λιιικόν
497 919 625 1006 flagitari
653 931 732 983 recte
756 918 911 984 Ronitzius
939 921 1084 984 statuerit.
1130 919 1205 986 Nam

195 1035 244 1100 ille
267 1035 358 1100 verba
381 1032 419 1100 oei
442 1029 556 1098 λευκὰν
579 1037 603 1098 si
626 1034 752 1120 subjecti
776 1037 874 1100 vicem
891 1048 1038 1113 tenerent,
1068 1035 1114 1100 vel
1138 1033 1204 1102 eum

192 1154 351 1239 participio
375 1153 532 1238 conjuncta
548 1164 653 1228 assent,
677 1151 782 1239 procul
804 1151 896 1216 dubio
912 1152 1118 1217 soloecismum
1134 1175 1205 1218 con-

176 1269 335 1347 =timerent3
358 1270 457 1334 nescio
474 1280 580 1343 tamen,
606 1289 642 1331 an
658 1266 727 1332 lerri
742 1270 868 1355 possint,
889 1265 1050 1352 dummodo
1068 1266 1104 1332 ad
1121 1291 1206 1354 prae·

195 1381 323 1448 dicatum
346 1387 486 1464 γίγνεται
508 1382 680 1449 referantur.
716 1383 830 1460 Restat,
857 1395 892 1448 ut
905 1382 1038 1448 fraudem
1056 1385 1204 1470 sophista·

193 1520 267 1574 rum,
293 1521 368 1586 quae
392 1486 460 1565 huic
483 1503 732 1588 argumentationi
757 1503 843 1576 inest,
869 1521 1026 1586 exponam.
1060 1500 1111 1565 lsti
1128 1505 1203 1566 enim

192 1614 295 1678 callide
318 1618 395 1680 inter
409 1615 440 1680 id
463 1617 545 1703 quod
568 1619 606 1682 sit
630 1629 658 1680 et
681 1616 711 1680 id
728 1615 809 1702 quod
827 1615 879 1678 fiat
896 1615 1109 1701 distinguentes
1125 1631 1204 1683 recte

193 1729 384 1814 colligebant:
422 1726 457 1792 cd
492 1731 680 1812 γιγνόμενον
706 1724 749 1815 μὴ
785 1724 900 1794 Aaron
927 1732 1068 1809 γίγνεται
1096 1730 1130 1794 ἐκ
1158 1729 1201 1818 μὴ

192 1841 283 1916 ὄντος
305 1839 348 1928 μὴ
366 1843 488 1908 λευκοῦ.
522 1844 587 1912 dam
604 1867 669 1910 cum
689 1858 817 1932 utroqpe
834 1849 863 1910 iu
880 1846 1012 1910 membro
1027 1842 1070 1932 pp*
1088 1844 1203 1914 λευκὸν

191 1973 365 2037 recurreret,
389 1963 478 2026 astuti
502 1984 539 2025 ex
561 1962 768 2028 mathematico
784 1985 865 2028 more
883 1985 983 2050 parem
999 1977 1112 2051 partem
1128 1969 1204 2030 utri·

192 2099 248 2164 que
283 2076 414 2143 membro
450 2077 645 2144 detrahebant
677 2093 705 2143 et
739 2082 881 2166 imperitis
917 2082 1021 2144 harum
1056 2103 1201 2170 nugarum

191 2196 303 2279 optimo
322 2196 390 2280 jure
414 2195 550 2283 colligere
573 2195 761 2272 videbantur,
790 2189 826 2258 cd
849 2193 1041 2279 γιγνόμενον
1062 2200 1202 2276 γίγνεται

191 2305 224 2370 ἐκ
246 2304 289 2392 μή
313 2307 413 2382 ὄντος.
448 2310 541 2397 Atqui
564 2311 637 2376 nibil
662 2333 699 2375 ex
720 2306 762 2396 usp*
787 2305 957 2386 ὅνοοζίίοοί
974 2327 1073 2399 potest
1089 2309 1129 2397 (v.
1148 2314 1200 2395 tt,

191 2419 262 2506 25):
286 2445 357 2511 ergo
383 2423 481 2488 album
505 2427 591 2490 simul
615 2440 742 2490 estnon
767 2428 865 2496 album
890 2430 952 2493 sive
976 2433 1101 2517 nigrum.

173 2531 178 2546 ’
259 2537 366 2621 10718»
385 2539 411 2604 1.
443 2543 496 2602 καὶ
527 2535 582 2605 deci
611 2545 704 2606 τοῦτο
733 2540 865 2606 πάντων
892 2545 981 2605 αἴτια
1009 2549 1124 2621 ταῦτα,
1153 2547 1203 2612 ὅτι

190 2658 254 2720 τῶν
268 2649 387 2720 οὐσιῶν
403 2651 483 2722 ἄνευ
500 2652 557 2722 οὐκ
573 2653 639 2720 ἔστι
653 2651 805 2742 τὰπάθη
821 2660 875 2721 καὶ
891 2654 926 2721 cci
941 2657 1086 2745 κινήσεις.
1119 2661 1200 2728 Libri
1313 2667 1318 2674 “

188 2771 226 2837 A.
240 2793 324 2859 capp.
336 2773 376 2836 lV
388 2773 457 2836 etV
472 2774 524 2838 Ar.
543 2776 744 2861 quaestionem
761 2778 884 2852 excutit,
902 2798 939 2839 an
957 2781 1086 2842 omnium
1102 2800 1200 2844 rerum

190 2886 290 2950 eadem
313 2889 372 2950 sint
397 2889 540 2973 principia
565 2908 602 2950 an
625 2888 751 2952 diversa.
798 2889 897 2976 Atque
921 2895 950 2953 in
974 2895 1070 2978 capite
1093 2889 1199 2981 quarto

189 3001 265 3066 banc
287 3003 488 3088 quaestionem
505 3001 647 3068 limitibus
671 3002 856 3069 substantiae
880 3005 1017 3084 includit,
1042 3011 1070 3072 in
1096 3009 1200 3097 quinto

189 3118 309 3184 eandem
334 3121 535 3206 quaestionem
559 3119 596 3184 ad
619 3121 747 3209 reliquas
772 3123 937 3210 categorias
954 3121 1102 3189 transient.
1136 3127 1200 3192 Hoc

188 3236 213 3296 si
243 3234 437 3319 probabiliter
459 3248 631 3322 persecutus
660 3258 739 3314 sum,
769 3239 823 3301 vix
853 3237 977 3315 dubium
1004 3261 1066 3304 esse
1089 3254 1198 3328 potest,

190 3349 261 3435 quin
289 3349 444 3434 legendum
473 3353 512 3414 sit
539 3355 592 3414 καὶ
619 3348 674 3418 diui
698 3351 792 3416 eorico
816 3352 946 3418 πάντων
969 3358 1058 3419 αἴτιοι
1080 3355 1197 3423 audaci:

195 3487 282 3530 »oum
307 3466 405 3552 priore
429 3468 523 3552 capite
547 3471 675 3534 omnium
700 3469 933 3536 substantiarum
952 3472 1113 3537 secundum
1130 3497 1199 3540 ana-

186 3582 294 3670 logiam
319 3585 484 3648 communia
513 3585 658 3671 principia
686 3588 807 3653 subesse
836 3587 1038 3665 docuerimus,
1068 3591 1198 3680 reliquae

187 3711 283 3764 autem
308 3703 472 3787 categoriae
497 3699 534 3766 ab
558 3702 614 3766 illis
638 3725 797 3792 suspensae
821 3707 894 3780 siut,
924 3708 1053 3770 omnium
1078 3731 1198 3796 quoque

188 3820 402 3904 categoriarum
422 3818 521 3883 eedem
552 3840 616 3885 esso
634 3823 777 3908 principia
802 3835 1029 3888 consentaneum
1047 3837 1098 3888 est.
1135 3825 1198 3890 tir-

187 3945 375 4002 maturuere
400 3936 472 4002 haec
496 3938 661 4003 emendatio
686 3940 824 4003 extremis
848 3940 937 4026 hujus
961 3943 1064 4028 capitis
1079 3941 1195 4022 verbis,
