2910 4778
670 291 828 398 *aa*

245 509 282 552 ex
305 485 393 550 rebus
417 481 496 550 salsis
521 482 668 570 explicare
690 483 798 568 potnit.
836 479 911 548 Cum
934 498 1004 548 vero
1021 481 1073 554 Ar.
1096 485 1182 574 ptura
1203 511 1255 575 ge.

243 624 313 668 nera
337 604 447 666 entium
471 587 582 666 et'non
607 603 717 665 entium
742 598 941 676 distinxisset,
966 602 1076 687 optime
1098 625 1129 668 se
1143 603 1255 694 habent

244 719 334 783 verba
362 717 427 782 actv
448 711 491 802 μὴ
522 709 666 808 ὄντωνῇ
694 714 816 820 ψευδῆ,
847 739 906 804 quo
936 719 1024 782 simili
1051 741 1141 786 sensu
1169 733 1255 789 antea

135 873 140 896 ι
245 833 334 900 dixit:
358 833 458 900 οὕτω
481 826 544 918 reip
568 827 626 897 orire
650 831 727 898 ὄντα
749 830 850 896 ταῦτα
874 829 976 915 (¹³21).

313 949 411 1015 1026ἃ
428 949 477 1013 13.
501 945 521 1033 ἢ
543 942 681 1032 μὲνγὰρ
705 943 822 1034 φυσικὴ
837 952 911 1034 περὶ
926 946 1087 1037 ἀχώριστοι
1104 953 1164 1035 μὲν
1179 946 1256 1017 ἀλλ’

244 1061 302 1130 οὐκ
331 1057 481 1149 cinianum,
518 1067 572 1149 τῆς
602 1062 637 1128 di
664 1063 891 1150 μαθηματικῆς
921 1062 991 1130 ἔνια
1019 1072 1092 1153 περὶ
1121 1061 1255 1152 ἀκίνητα

244 1183 303 1263 μὲν
318 1176 357 1244 οὗ
371 1174 511 1263 χωριστὰ
527 1175 558 1245 δ’
575 1182 665 1254 ἴσως,
689 1175 763 1243 ctt'
781 1173 825 1254 ὥς
840 1177 876 1242 ἓν
891 1179 966 1271 ὕλῃ·
990 1179 1008 1266 ἡ
1026 1183 1063 1246 δὲ
1077 1184 1186 1268 πρώτη
1201 1185 1256 1248 καὶ

244 1300 317 1380 περὶ
345 1290 483 1383 χωριστὰ
513 1299 567 1358 καὶ
589 1291 732 1378 ἀκίνητα.
778 1294 900 1374 Nescio,
935 1320 973 1362 an
998 1313 1100 1365 contra
1126 1303 1254 1365 omnium

245 1409 379 1475 codicum
396 1423 587 1498 veterumque
611 1411 873 1476 commentatorum
898 1399 1102 1482 auctoritatem
1125 1415 1253 1480 scriben-

246 1525 315 1592 dum
344 1529 398 1590 sit:
437 1523 456 1611 ἦ
484 1520 628 1609 μὲνγὰρ
658 1523 774 1612 φυσική
798 1533 871 1614 περὶ
893 1527 1032 1614 χωριστὰ
1054 1532 1121 1612 μέν.
1164 1527 1248 1603 Nam,

244 1645 274 1706 ui
298 1643 486 1708 vehementer
508 1641 603 1720 sallon,
630 1642 703 1706 haee
727 1645 791 1710 vult
812 1645 883 1724 An,
915 1648 1066 1735 physicam
1090 1658 1119 1711 et
1141 1643 1252 1708 matha·

244 1762 379 1824 maticam
410 1781 475 1824 cum
500 1762 594 1844 prima
617 1760 809 1847 philosophia
832 1763 889 1827 alia
912 1766 942 1827 in
965 1785 996 1828 re
1020 1765 1192 1836 convenire,
1224 1762 1253 1823 in

245 1874 302 1938 alia
325 1873 490 1953 discedere3
516 1874 623 1962 quodsi
645 1879 740 1963 prima
763 1879 953 1964 philosophia
978 1880 1014 1946 dc
1037 1879 1127 1946 rebus
1151 1889 1180 1943 et
1201 1896 1254 1962 per

246 2014 276 2056 se
305 1991 500 2059 existentibus
530 1989 726 2075 (χωρισταῖς)
754 2005 782 2058 ιι
812 1996 938 2058 immotis
963 1989 1149 2078 (ἀκινήτοις)
1174 2003 1252 2079 agat,

244 2110 273 2172 in
298 2108 502 2178 mathematica
525 2132 571 2176 res
600 2112 736 2203 immotas
760 2108 877 2198 quidem
901 2108 953 2173 sed
977 2130 1035 2172 nou
1060 2102 1113 2195 per
1136 2131 1167 2174 se
1191 2111 1254 2174 exi·

245 2237 364 2302 suentes,
389 2229 417 2289 in
441 2227 565 2312 physica
590 2241 687 2292 autem
709 2249 755 2292 res
776 2249 830 2313 per
844 2249 876 2292 se
892 2224 1009 2314 quidem
1027 2228 1187 2292 existentes
1202 2225 1254 2290 sed

244 2364 304 2407 non
333 2320 467 2408 immotas
495 2346 625 2409 tractari.
673 2343 771 2430 Atque
799 2343 870 2408 haec
895 2345 1064 2430 conjectura
1088 2346 1253 2432 necessario

245 2482 262 2523 a
278 2459 491 2544 significatione
506 2460 717 2547 particularum
733 2463 793 2543 μὲν
805 2501 838 2512 -
849 2457 924 2525 ἀλλ’
935 2456 975 2525 ori
985 2461 1112 2547 flagitari
1127 2460 1251 2524 videtur.

244 2575 318 2640 Nam
343 2598 408 2641 cum
432 2599 477 2640 res
501 2598 554 2659 per
570 2599 600 2638 sc
625 2580 784 2639 existentes
808 2575 897 2637 rebus
920 2575 1143 2641 inhaerentibus
1160 2578 1255 2664 digni-

244 2705 305 2754 tate
335 2691 503 2775 superiores
537 2690 611 2763 sint,
648 2689 711 2751 istis
741 2700 838 2752 autem
867 2689 1021 2773 particulis
1051 2689 1209 2758 descensus
1238 2715 1255 2757 a

244 2805 382 2892 graviore
405 2803 442 2868 ad
469 2802 636 2870 inferiorem
659 2827 720 2870 rem
744 2803 905 2881 indicetur,
937 2826 996 2868 non
1020 2800 1181 2891 ἀχώριστοι
1204 2805 1256 2872 sed

239 2914 383 3005 papamet
412 2919 513 2983 eadem
542 2924 656 2987 ratione
685 2921 841 2987 dicendum
871 2920 939 2996 snit,
972 2943 1030 3007 qua
1059 2926 1196 3010 proxima
1226 2926 1255 2985 in

244 3049 330 3125 parte
354 3035 541 3102 descenditur
563 3041 634 3119 περὶ
657 3035 791 3119 ἀκίνητα
813 3017 872 3117 μὲνΙ
895 3031 936 3100 ori
956 3033 1096 3120 χωριστὰ
1122 3033 1154 3098 δ’
1170 3039 1254 3109 ἴσως.

246 3153 334 3236 Quod
358 3153 396 3217 ad
419 3175 479 3217 rem
503 3156 596 3238 ipsam
620 3154 725 3216 attinet
740 3150 775 3216 cs.
792 3151 818 3214 H
838 3173 862 3216 c.
879 3153 899 3216 l.
928 3149 1026 3218 totta
1041 3149 1060 3214 7
1078 3147 1255 3233 ὁμολογού-

244 3290 341 3352 μεναι
354 3270 414 3349 μὲν
430 3265 484 3345 (se.
501 3262 620 3351 οὐσίαι)
642 3263 676 3330 ui
692 3271 839 3355 φυσικαί·
865 3267 901 3332 dc
925 3267 1033 3356 quibus
1056 3267 1156 3355 paullo
1180 3267 1255 3334 inira

245 3382 315 3450 ³29
340 3383 417 3449 dicta
441 3397 511 3450 sunt
533 3387 622 3450 haece
644 3385 751 3470 τρίτον
768 3383 804 3448 δὲ
826 3376 863 3447 τὸ
888 3383 922 3448 da
944 3384 1066 3450 τούτων
1082 3378 1123 3450 οὗ
1135 3387 1255 3474 νέμεσις

245 3496 348 3586 μόνον
371 3505 426 3566 καὶ
448 3501 565 3586 φθορά
587 3499 668 3576 ἐστι,
692 3504 747 3564 καὶ
768 3496 964 3585 χωριστὸν
987 3495 1130 3574 ἁπλῶς.
1176 3501 1255 3566 Haec

246 3618 316 3683 dum
340 3630 467 3682 retracto
492 3629 521 3680 et
543 3638 646 3681 rursus
663 3615 845 3704 Schwegicri
869 3617 1094 3692 commentarios
1117 3615 1252 3699 inspicio,

245 3735 326 3798 iilum
346 3735 406 3818 jam
430 3735 461 3794 in
483 3732 603 3797 eandem
620 3735 792 3806 sententiam
809 3729 945 3798 incidisse
961 3730 1058 3808 video,
1084 3751 1143 3817 quo
1162 3731 1254 3816 magis

245 3850 413 3913 Bonitzium
444 3848 535 3911 miror
563 3849 713 3936 vulgatam
743 3852 895 3916 lectionem
925 3860 1074 3912 tuentem(
1116 3844 1254 3912 Fortasse
1280 3936 1284 3940 .
