2910 4778
777 369 797 430 2

708 457 867 468 -ι--ι-

281 549 328 614 vel
353 547 495 614 medicina
519 548 619 613 critica
640 548 685 612 vel
710 547 818 611 lumine
841 549 1093 632 interpretationis
1116 569 1294 637 magnopere

283 677 397 753 egeant.
444 664 518 729 Nam
549 686 609 728 non
633 663 722 727 modo
746 663 831 726 multi
855 663 910 726 loci
935 663 973 727 ab
997 664 1205 752 interpretibus
1228 669 1292 732 aliis

284 780 456 846 emendandi
486 781 579 844 relicti
603 794 687 854 sunt,
718 779 879 842 sedetiam
905 791 1039 855 exstant,
1070 804 1196 868 quorum
1218 783 1293 846 dilli-

283 898 407 962 cultates
429 897 496 959 illos
513 894 651 982 fugerint.
684 895 715 957 ln
732 893 835 957 ordine
851 916 922 958 vero
941 908 970 959 et
985 895 1173 961 cohaerentia
1189 866 1293 962 horum

281 1013 426 1076 librorum
450 1010 663 1096 investigandis
687 1011 838 1074 clarissimi
861 1010 902 1072 illi
925 1013 980 1074 viri
1006 1014 1114 1096 magis,
1141 1013 1213 1100 quid
1238 1037 1298 1078 non

284 1129 490 1192 concinnatum
514 1129 567 1202 sit,
599 1125 779 1202 docuerunt,
805 1146 893 1210 quam
918 1125 998 1210 quod
1023 1147 1179 1192 commune
1203 1132 1299 1192 consi-

282 1244 353 1306 lium
377 1243 432 1308 hos
449 1241 540 1306 libros
557 1243 727 1326 conjungat,
754 1252 942 1304 curaverunt.
978 1241 1059 1305 Meis
1068 1243 1161 1328 igitur
1175 1245 1298 1308 infirmis

283 1359 397 1422 viribus
425 1371 525 1422 utrum
554 1357 726 1441 contigerit,
757 1367 785 1418 et
814 1355 937 1440 singulis
965 1356 1042 1420 locis‘
1061 1357 1173 1423 medela
1197 1362 1298 1423 critica

284 1473 378 1538 lucem
407 1470 557 1536 effundere
587 1484 616 1534 et
645 1472 859 1556 totius-operis
884 1471 1039 1535 consilium
1065 1486 1151 1560 atque
1174 1494 1295 1558 compn-

284 1590 420 1653 sitionem
443 1590 619 1674 perspicere,
645 1572 800 1650 dbctorum
821 1587 953 1649 virorum
973 1587 1088 1670 judicio
1113 1590 1269 1652 committo.

350 1705 450 1790 Atque
473 1706 554 1789 ipsae
578 1703 656 1787 leges
671 1702 886 1765 concinnitatis
906 1702 968 1783 jam
991 1703 1125 1790 flagitare
1146 1703 1292 1777 videntur,

284 1833 320 1884 ut
342 1818 380 1882 ab
404 1818 527 1902 singulis
550 1817 622 1878 locis
649 1815 864 1900 pertractandis
889 1821 1077 1903 auspicemur
1099 1833 1128 1883 et
1150 1818 1187 1882 ad
1211 1839 1297 1905 gene-

284 1934 422 1999 raliorem
449 1933 652 2018 quaestionem
680 1930 915 2016 progrediamur.
962 1931 1021 1996 Sed
1049 1955 1109 1996 non
1134 1937 1245 1998 minore
1267 1935 1296 1994 vi

286 2073 304 2113 a
327 2049 416 2112 rebus
431 2050 503 2134 ipsis
520 2046 652 2110 adhunc
669 2045 801 2110 ordinem
818 2047 1017 2130 propellimur.
1051 2045 1125 2108 Nam
1142 2051 1296 2122 sententia,

286 2185 381 2252 quam.
398 2163 533 2250 equidem
557 2162 593 2227 de
616 2165 691 2226 serie
715 2162 821 2225 horum
845 2162 987 2226 librorum
1010 2161 1122 2225 laturus
1145 2182 1224 2236 sum,
1255 2164 1296 2222 ita

286 2279 479 2342 fundamento
502 2279 686 2362 singulorum
711 2279 844 2340 locorum
866 2279 980 2352 nititur,
1004 2289 1037 2340 ut
1053 2276 1099 2340 his
1114 2276 1185 2340 solis
1201 2277 1297 2339 acrius

288 2395 421 2459 excussis
437 2395 484 2456 via
507 2393 639 2479 patefieri
665 2395 768 2479 possit.
805 2392 973 2479 Antequam
997 2405 1093 2457 autem
1118 2391 1298 2476 da·singulis

286 2511 360 2574 locis
390 2531 526 2596 agamus,
557 2511 683 2595 primum
714 2509 750 2573 de
779 2508 919 2572 subsidiis
949 2510 1058 2572 criticis
1087 2529 1181 2591 pauca
1210 2503 1297 2567 nobis

287 2625 459 2691 disserenda
482 2635 560 2688 sunt.
598 2623 739 2704 Quamvis
763 2625 839 2686 enim
863 2622 1011 2687 sedulitati
1033 2623 1074 2684 rei
1092 2619 1298 2706 diplomaticae

286 2745 318 2805 in
346 2741 392 2803 his
420 2739 504 2804 libris
532 2738 719 2803 recensendis
749 2741 877 2802 minores
906 2751 1004 2824 partes
1033 2735 1207 2825 tribuendae
1229 2738 1297 2811 sint,

289 2859 423 2945 quamvis
453 2857 586 2920 acumine
614 2868 643 2920 ct
675 2857 843 2942 cognitione
872 2854 1066 2919 Aristoteleae
1093 2851 1299 2939 philosophiae

288 2975 423 3056 inprimis
446 2992 523 3056 opus
545 2974 593 3047 sit,
618 2983 713 3035 tamen
736 2995 773 3034 ne
789 2975 873 3036 istam
891 2969 1008 3053 quidem
1026 2943 1139 3055 perlem
1155 2969 1301 3054 negligere

288 3086 333 3151 fas
357 3099 410 3152 est.
445 3085 505 3151 Sed
529 3090 658 3150 omnium
684 3084 817 3166 codicum
843 3096 872 3146 et
895 3084 1077 3170 reliquorum
1100 3082 1298 3148 subsidiorum

290 3205 482 3278 auctoritates
516 3199 681 3284 ponderare
717 3198 754 3261 ab
787 3201 931 3283 angustiis
966 3199 1056 3283 hujus
1088 3181 1300 3265 dissertationis

291 3316 418 3379 alienum
442 3326 502 3390 cst;
527 3314 601 3379 duas
625 3325 723 3378 autem
745 3315 933 3400 gravissimas
959 3319 1147 3398 quaestiones
1164 3324 1302 3378 excutere

178 3471 180 3475 -
290 3431 321 3493 in
345 3433 474 3494 animum
502 3430 621 3506 induxi3
651 3430 778 3514 primum
803 3449 878 3512 quae
902 3426 1031 3514 dignitas
1056 3432 1150 3494 codici
1175 3431 1304 3492 Lauren-

178 3557 180 3563 '
292 3547 382 3620 tiano,
408 3543 575 3607 aBeltlrero
592 3544 667 3628 siglo
691 3541 774 3611 »Ab«
797 3553 911 3616 notato,
938 3537 1114 3624 assignanda
1130 3543 1178 3611 sit,
1199 3539 1304 3598 deinde

293 3680 369 3745 quae
384 3660 459 3720 ratio
477 3660 553 3721 inter
568 3670 681 3722 veteres
697 3671 951 3728 commentatores,
969 3650 1171 3714 Alexandrum
1184 3647 1304 3730 Aphro-

294 3773 449 3838 disiensem
465 3774 608 3856 inprimis,
633 3784 662 3836 et
677 3771 769 3835 libros
785 3769 1001 3851 manuscriptos
1018 3759 1189 3842 intercedat.
1220 3759 1305 3822 Prio-

293 3908 354 3952 rem
379 3889 581 3972 quaestionem
610 3908 675 3950 cum
703 3887 765 3953 aliis
789 3903 852 3956 tum
875 3883 929 3944 hac
953 3880 989 3946 de
1013 3899 1101 3946 causa
1124 3887 1304 3940 tractaturus
