2962 4770
619 380 778 480 Q

192 567 229 634 da
250 563 388 639 omnibns
411 563 457 626 his
481 559 653 628 notionibus
676 563 706 623 io
722 557 798 624 libro
815 562 855 624 Δ.
872 561 1030 624 invenitur.
1066 559 1202 647 Apparet

191 685 297 770 igitur,
316 701 424 768 ¹quam
457 679 544 764 longe
577 700 592 740 a
622 697 692 741 vero
728 676 933 740 aberraverint
971 677 1012 740 illi
1041 677 1110 753 viri,
1151 678 1202 762 qui

159 857 161 861 .
190 797 299 864 librum
321 799 359 858 A.
383 807 435 860 aut
458 794 571 858 amoliri
585 787 621 876 ¹),
648 806 700 858 aut
724 793 861 858 omnibus
884 792 968 856 libais
992 791 1202 880 metaphysicis

191 935 375 1006 praeponere
386 906 425 993 ’),
456 923 508 976 aut
531 909 657 998 denique
686 909 762 974 libro
783 914 824 973 Β.
853 911 952 974 statim
986 920 1167 995 postponere
1178 902 1201 990 ³)

194 1031 371 1105 volueriut.
398 1027 519 1094 Aretias
550 1039 626 1090 certe
661 1027 709 1091 hio
741 1037 886 1091 tractatus
916 1047 982 1090 eum
1003 1023 1202 1112 'praecedenti

192 1145 268 1214 llhco
301 1144 523 1232 conglutinatus
558 1165 619 1207 uon
654 1155 712 1220 est,
747 1143 815 1207 lima
851 1155 928 1206 certe
958 1154 986 1205 et
1014 1143 1106 1206 totius
1134 1136 1220 1206 Ιίὴτῖ

194 1261 355 1348 disputatio
379 1248 408 1326 et
431 1261 547 1347 singula
571 1261 667 1347 eapite
691 1279 870 1346 magnopere
893 1257 1043 1345 indigent3
1073 1256 1126 1322 sed
1149 1256 1204 1322 du·

194 1377 284 1458 hitari
306 1398 365 1442 non
394 1388 508 1462 potest,
539 1379 611 1463 quin
634 1375 687 1440 Ar.
711 1375 799 1438 talem
822 1386 997 1451 tractatum,
1029 1373 1123 1461 qualis
1146 1373 1205 1438 hoe

194 1491 270 1556 libro
285 1495 325 1554 A.
349 1491 543 1558 adumbratus
566 1493 618 1568 sit,
643 1489 726 1554 libris
751 1491 959 1578 metaphysicis
978 1484 1151 1566 immiscere,
1177 1503 1206 1555 et

193 1607 250 1672 hoc
283 1611 349 1693 ipso
384 1609 451 1672 loco
487 1620 557 1693 post
592 1606 821 1691 disputationem
852 1605 888 1668 de
916 1609 1017 1691 primis
1049 1585 1205 1670 axiomatis

84 1724 90 1738 '
130 1789 139 1800 ,
195 1721 339 1786 collocare
362 1723 457 1807 primo
483 1721 619 1785 voluerit.
666 1721 882 1808 Argumentum
906 1732 1019 1798 autem,
1051 1721 1133 1808 quod
1156 1721 1207 1788 de·

194 1835 327 1902 lensores
351 1839 516 1901 contrariae
540 1841 702 1904 sententiae
726 1859 765 1902 ex
787 1836 863 1903 libro
880 1841 916 1900 Κ.
937 1850 1121 1916 sumserunt,
1145 1860 1206 1904 nou

195 1957 292 2020 murus
317 1975 396 2018 meae
413 1955 574 2020 sententiae
594 1957 774 2041 patrocinari
790 1953 867 2020 inira
882 1957 1049 2041 exposituri
1064 1933 1204 2038 sumus⁴).

212 2061 217 2070 ⁸
260 2070 412 2158 Habemus
434 2074 526 2158 igitur
542 2075 711 2137 continuam
734 2074 950 2136 institutionem
965 2072 1055 2137 hano:
1080 2073 1205 2149 A.e.1,

194 2186 519 2263 llB.1'.A.ll1.N.A.,
539 2209 666 2275 qnorum
683 2177 828 2251 libiorum
845 2188 953 2252 multae
972 2187 1090 2274 quidem
1107 2175 1206 2276 partes

196 2303 291 2364 minus
320 2315 388 2387 epte
418 2315 506 2389 atque
535 2303 686 2368 commode
717 2325 884 2381 connexae,
915 2316 967 2368 aut
995 2307 1092 2369 miuus
1115 2305 1207 2392 polite

127 2421 128 2424 ’
165 2421 170 2437 “
188 2420 360 2504 expositae,
385 2429 437 2482 aut
453 2417 556 2482 leviter
571 2421 744 2506 exiliterque
760 2419 952 2484 adumbratae
968 2435 1046 2497 sunt,
1064 2421 1115 2486 sod
1132 2443 1207 2508 quos

196 2541 298 2597 omues
322 2537 485 2599 eommunis
509 2536 623 2626 consilii
640 2536 790 2600 vinculum
806 2545 988 2601 concatenat.
1025 2535 1076 2600 Sic
1092 2536 1208 2602 demum
1245 2560 1251 2572 ⁸

196 2671 233 2714 ex
256 2649 362 2728 turbis,
387 2651 495 2738 quibus
518 2652 649 2740 undique
673 2655 768 2740 primo
793 2655 896 2740 agitati
919 2651 1037 2730 suimus,
1064 2653 1206 2718 inlocum

193 2791 405 2803 m·-

253 2861 272 2926 ¹)
296 2861 388 2912 Bonita
408 2859 517 2927 metaph.
531 2858 557 2910 ll
576 2876 599 2928 p.
615 2857 656 2912 18.
678 2860 787 2938 licendis
805 2860 894 2916 Geech.
910 2861 933 2916 d.
947 2861 1012 2916 Phil.
1025 2861 1089 2928 11‚2
1108 2881 1131 2934 p.
1146 2862 1206 2920 544.

252 2954 273 3022 ’)
297 2955 440 3008 Ravaieson
458 2954 476 3006 l.
492 2953 535 3007 l.l
554 2973 578 3026 p.
593 2953 653 3009 106.
1149 2983 1154 2995 ‹

254 3054 273 3122 ³)
298 3039 395 3118 oraru,
416 3051 456 3106 aa
475 3051 586 3123 metaph.
605 3052 629 3106 a.
648 3055 693 3108 Ar.
720 3053 788 3109 near.
802 3053 844 3109 or.
864 3074 887 3127 p.
902 3055 944 3108 aa.

254 3152 274 3220 ⁴)
298 3151 365 3205 Num
384 3150 425 3204 hie
443 3150 507 3204 liber
518 3159 547 3205 A.
567 3149 669 3205 differat
687 3152 717 3205 ab
736 3151 791 3216 illo,
812 3155 856 3224 qui
869 3155 894 3207 ln
907 3153 1022 3226 catalogo
1035 3153 1109 3226 Diog.
1123 3157 1207 3211 Laert.

198 3255 223 3300 et
241 3252 361 3320 anonymi
379 3257 540 3304 recenseatur
553 3251 629 3324 »napi
645 3251 697 3304 raia
706 3254 827 3324 ποσαχῶς
838 3255 989 3326 λεγομένων
1002 3251 1016 3320 ἢ
1028 3249 1094 3308 aare?
1104 3255 1208 3328 opole]-

195 3350 302 3409 arua«,
328 3347 359 3400 de
382 3347 429 3401 hac
453 3366 481 3402 re
502 3348 573 3402 litem
591 3367 644 3404 uon
663 3350 781 3405 movebo.
819 3351 886 3415 Sed,
910 3368 950 3405 me
965 3351 1066 3419 judice,
1089 3371 1207 3420 neonus

198 3443 301 3518 quidem
325 3461 356 3498 ex
378 3444 451 3498 lilerio
473 3447 653 3518 metaphysicis
672 3450 698 3501 in
719 3447 833 3522 catalogo
853 3448 883 3500 Ι).
896 3449 926 3504 L.
945 3450 1026 3512 ineam
1049 3448 1122 3503 illum
1141 3454 1207 3506 enim
1250 3445 1252 3454 '

197 3543 339 3614 catalogum
365 3561 416 3598 non
435 3543 621 3600 Alexandrinae
644 3545 825 3610 bibliothecae,
849 3546 894 3600 sed
913 3545 1094 3616 exemplarium
1112 3546 1156 3600 Ar.
1176 3549 1206 3604 ab

195 3640 344 3713 Apellioone
362 3643 475 3697 Athenas
498 3642 681 3698 translatorum
703 3644 784 3698 luisse
810 3644 927 3714 equidem
951 3662 1057 3711 oenseo;
1079 3632 1208 3719 ¹exemplar

198 3748 281 3795 autem
300 3742 533 3814 metaphysieorum
556 3739 681 3796 librorum
705 3761 756 3797 non
777 3739 957 3814 Theophrasto
976 3743 1023 3797 scd
1041 3745 1156 3800 Eudemo
1176 3746 1206 3800 ah

196 3838 241 3892 Ar.
260 3839 381 3894 traditum
405 3840 462 3894 luit
499 3841 602 3906 liabeo,
628 3841 808 3911 quibusnam
833 3859 913 3896 meam
933 3845 1082 3898 sententiam
1099 3843 1206 3912 firmem,

199 3935 244 3990 sed
262 3953 329 3993 nuuc
347 3956 400 3994 rem
418 3941 446 3995 in
464 3941 573 3996 transitu
591 3941 723 3996 monuisse
743 3940 804 3996 satis
823 3939 913 4016 haheo.
