2910 4778
594 369 752 470 L

168 554 400 642 metaphysicum
411 550 565 618 emendare
576 559 772 614 tentaverunt.
792 547 951 632 Quaeritur
961 551 1062 639 igitur,
1075 561 1176 616 utrum

167 676 239 738 istac
268 671 475 734 correctiones·
500 671 530 732 in
559 679 677 730 nostres
706 663 823 730 codices
850 651 1036 754 irrepserint,
1072 685 1173 733 necne.

168 791 267 878 Atque
288 785 407 852 codices
430 805 531 848 ornnes
547 783 584 848 ab
601 783 778 867 conjecturis
797 794 826 848 et
841 781 942 846 lulcris
958 786 1100 860 virorum,
1125 783 1176 870 qui

126 959 133 971 .
170 917 236 970 ante
252 900 452 968 Alexandrum
475 900 557 966 libris
580 899 790 987 metaphysicis
814 898 944 963 studium
960 897 1175 992 impenderunt,

88 1037 89 1042 ’
170 1041 230 1082 non
247 1039 356 1082 vacuos
373 1018 523 1092 mansisse,
547 1037 607 1080 nno
627 1016 857 1080 luculentissimo
874 1015 1010 1102 exemplo
1027 1013 1176 1082 docemur.

171 1134 250 1202 Celei
275 1137 350 1198 enirn
373 1133 424 1198 lib.
441 1155 473 1207 a,
498 1153 561 1218 cap.
577 1131 612 1195 lll
634 1131 671 1196 ab
697 1130 1003 1200 omnibuscodicibus
1018 1131 1109 1196 verba
1126 1129 1178 1194 ad·

138 1283 142 1290 ¹
171 1251 282 1316 duntur
297 1250 384 1314 haee:
397 1249 486 1311 ,seat
499 1247 529 1310 el
541 1246 617 1331 μιᾶς
632 1245 802 1333 ἐπιστήμης
820 1247 840 1332 ἢ
857 1245 1015 1311 πλειόνων
1031 1242 1071 1308 nd
1090 1249 1179 1310 alveo

170 1368 225 1433 ecl
245 1359 304 1440 τὰς
326 1359 428 1450 ἀρχὰς
441 1363 608 1448 θεωρῆσαί
624 1361 733 1439 donau«
764 1384 840 1451 quae
863 1364 900 1427 ab
924 1365 971 1439 iis,
996 1365 1047 1450 qni
1064 1362 1178 1426 librum

170 1505 193 1546 a
208 1504 273 1546 cuna
290 1481 423 1568 sequenti
439 1479 462 1543 B
480 1493 653 1544 connectere
669 1480 825 1575 voluerint,
851 1479 965 1565 adjecta
984 1477 1084 1554 luisse,
1109 1477 1179 1542 Ale·

170 1597 285 1664 xander
298 1596 336 1661 ad
359 1595 389 1662 h.
404 1596 422 1662 l.
441 1595 537 1661 docet.
572 1595 736 1660 Alexandri
752 1618 823 1660 vero
847 1597 1057 1660 commentaria
1079 1592 1115 1658 ab
1132 1595 1177 1670 iia,

172 1717 222 1802 qui
245 1715 406 1800 antiquitus
430 1734 465 1776 ea
488 1713 676 1796 exemplaria,
701 1710 779 1772 unde
803 1713 897 1773 nostri
921 1710 1037 1773 codices
1061 1706 1180 1772 descen·
1263 1727 1269 1742 ²

173 1827 253 1902 dant,
277 1827 465 1902 confecerint,
491 1827 609 1912 cognita
634 1837 662 1888 et
685 1826 715 1886 in
737 1824 916 1893 recensendo
939 1837 1024 1889 textu
1047 1822 1180 1888 adbibita

171 1940 276 2018 laissa,
307 1941 376 2004 hinc
404 1941 510 2027 aliquis
533 1940 671 2028 colligere
692 1943 836 2027 potuerit,
868 1943 936 2029 quia
961 1963 999 2005 ex
1021 1943 1073 2017 iis,
1104 1961 1180 2028 quaa

170 2040 340 2125 Alexander
354 2060 385 2120 in
401 2059 615 2122 commentariis
631 2051 787 2134 monuerit}
813 2058 843 2120 bi
859 2057 916 2121 loci
930 2058 1101 2144 interpolati
1117 2078 1180 2122 esse

171 2172 342 2240 videantur:
371 2170 463 2249 995³,
495 2169 595 2247 οὕτως
618 2169 664 2236 ὅτι
687 2169 856 2256 ciborium,-
885 2171 945 2246 ἔτι,
976 2175 1006 2235 in
1035 2193 1094 2258 quo
1112 2175 1180 2257 jure

171 2289 340 2354 Alexander
358 2289 486 2355 offensus
509 2302 581 2365 erat,
604 2288 721 2353 codices
738 2301 964 2384 expunxerunt;
989 2285 1090 2354 1016b
1102 2285 1143 2353 10
1158 2283 1181 2373 ἤ

173 2396 218 2467 de
233 2399 250 2466 ὃ
266 2400 360 2482 λόγος
374 2399 417 2486 μὴ
433 2400 492 2477 εἴςς
515 2404 685 2468 Alexander
699 2407 730 2468 in
745 2404 939 2490 praecedente
954 2407 1097 2469 sententia
1115 2426 1180 2469 vcn-

171 2517 217 2582 bis
236 2517 276 2602 »ἢ
296 2515 409 2602 aldati)
431 2515 536 2602 Adrqr«
563 2518 684 2581 candem
708 2540 767 2581 non
785 2519 930 2582 diversam
952 2541 1013 2582 rem
1033 2520 1182 2604 designari

173 2654 206 2698 eo
224 2634 373 2720 probavit,
399 2635 469 2721 qnia
488 2635 518 2695 in
534 2634 667 2720 sequenti
683 2636 884 2698 enuntiatione
902 2633 999 2698 verbis
1021 2634 1060 2718 »ἢ
1076 2626 1180 2720 adana}

171 2753 207 2816 lv
226 2744 262 2814 cd
278 2748 385 2824 aldor·
416 2751 538 2814 alterum
562 2749 724 2814 membrum
749 2750 790 2834 »tl
813 2741 859 2814 ὧν
882 2742 900 2814 ὅ
925 2749 1019 2829 λόγος
1041 2745 1083 2836 μὴ
1108 2747 1175 2826 ela«

173 2885 233 2928 nen
262 2863 395 2928 additum
424 2865 471 2924 sit.
517 2863 560 2925 At
588 2865 652 2948 ipsa
675 2865 748 2928 baec
770 2864 862 2928 verba
885 2867 914 2926 in
939 2866 1076 2930 omnibus
1100 2866 1181 2930 codi-

174 2977 256 3044 cibus
281 2990 310 3042 et
328 2976 407 3063 apud
424 2976 592 3062 Asclepium
609 2978 757 3065 leguntur.
795 2976 894 3044 lutor
911 2979 953 3044 22
977 2978 1086 3046 ἔπειτα
1102 2979 1138 3046 δὲ
1154 2983 1185 3046 el

133 3071 135 3074 Ι
172 3092 208 3174 ἐξ
223 3093 358 3160 idedu...
377 3091 558 3159 Praecedens
573 3093 701 3178 πρῶτον
714 3089 754 3174 (v.
771 3091 824 3176 15)
840 3116 900 3160 non
918 3070 980 3160 aarb
995 3098 1181 3183 particulam,

174 3233 247 3298 quac
263 3213 304 3275 illi
320 3209 507 3297 respondeat,
532 3210 683 3298 subsequi,
709 3210 760 3275 sed
777 3233 814 3276 cx
831 3212 945 3278 laxiore
962 3215 1181 3280 constructione

175 3328 337 3391 orationem
357 3326 503 3412 particula
526 3321 613 3390 ‘der‘
637 3329 804 3392 continuari
819 3328 990 3393 Alexander
1004 3342 1106 3408 notat3
1129 3329 1182 3396 sed

174 3441 308 3506 codicum
325 3461 486 3504 consensus
500 3437 616 3520 ἔπειτα,
634 3443 671 3508 ab
685 3442 856 3508 Alexandro
873 3442 1078 3520 desideratum,
1095 3467 1181 3532 prae·

172 3558 232 3623 bct.
264 3555 341 3622 982ἃ
353 3553 392 3620 21
410 3553 532 3622 τούτων
549 3555 585 3621 δὲ
598 3555 634 3622 cd
650 3563 709 3644 μὲν
724 3555 834 3624 πάντα
848 3557 1058 3638 ἕπίστασθαις
1074 3560 1181 3625 πάντα

173 3673 210 3740 ab
232 3673 403 3740 Alexandro
434 3673 631 3740 desideratum
660 3677 776 3742 codices
800 3690 924 3765 excepto
950 3678 991 3741 Te
1012 3680 1042 3742 in
1066 3689 1180 3744 textum

152 3805 355 3876 ,receperunt
388 3789 487 3858 10082
504 3790 545 3858 25
569 3793 599 3857 el
622 3792 653 3858 δ’
669 3790 785 3879 ὁμοίως
807 3797 888 3858 καθ’
904 3791 1048 3868 ἑκάστου,
1073 3796 1102 3855 in
1120 3814 1181 3858 uno

155 3904 274 3972 «codiee
289 3907 336 3973 Ab
358 3909 502 3994 particula
525 3909 711 3977 adversativa
739 3909 815 3976 edi«
840 3912 1046 3976 consecutivae
1068 3904 1175 3994 »yolo«
