2910 4778
708 362 866 460 „E-

178 539 179 544 ’
282 553 370 607 tatem
393 539 556 606 Alexandri
579 542 746 604 auctoritati
772 542 914 626 postponi
937 540 1085 626 improbo.
1126 542 1243 608 Etenim
1266 549 1293 610 si

281 657 517 744 interpolationis
552 659 637 743 signa
670 677 731 720 non
760 668 861 743 aperta
891 659 964 734 sint,
1001 679 1117 745 semper
1145 662 1291 746 suspicari

281 773 364 849 lioet,
394 772 529 837 eodioum
558 773 711 838 lectionem
741 793 777 836 ex
801 772 892 836 altero
917 773 966 836 illo
990 772 1088 850 fonte,
1117 775 1291 842 Alexandro

281 891 449 974 incognito,
474 890 616 973 originem
641 888 771 951 duxisse.
806 887 961 952 Praeterea
984 888 1164 968 Alexander,
1191 915 1292 979 quam-

282 1025 369 1089 quam
405 1003 530 1087 palmam
560 1005 729 1088 interpretis
758 1003 906 1088 praeclare
935 1008 1053 1081 meruit,
1092 1030 1166 1072 non,
1184 1012 1291 1096 magno

281 1131 379 1182 tamen
403 1131 548 1204 apparatu
570 1120 671 1182 critico
688 1119 849 1183 instructus
865 1117 956 1184 luisse
972 1121 1097 1186 videtur.
1129 1123 1203 1187 Nam
1220 1123 1291 1187 dum

281 1235 447 1320 Asclepius,
474 1234 566 1298 multo
590 1233 701 1318 majore
724 1236 820 1319 spatio
840 1233 880 1296 ah
895 1237 1009 1320 origine
1024 1236 1130 1301 horum
1146 1238 1289 1304 librorum

281 1363 422 1424 remotus,
446 1349 587 1414 nonnulla
611 1348 646 1413 de
670 1347 730 1412 lato
755 1349 844 1433 hujus
861 1351 958 1434 operis
975 1355 1005 1414 in
1021 1357 1176 1438 prooemio
1191 1355 1288 1428 tradit,

281 1467 344 1552 ipso
374 1463 544 1530 Alexander
577 1464 685 1529 nullam
719 1476 819 1528 textus
848 1465 1001 1530 historiam
1030 1481 1090 1532 tam
1120 1481 1284 1552 exoptatam

282 1583 441 1666 praemisit.
482 1580 581 1667 Atque
605 1582 720 1656 nescio,
745 1601 782 1644 an
806 1602 842 1644 ex
865 1582 959 1665 ipsius
982 1583 1080 1647 verbis
1102 1605 1131 1668 p.
1148 1579 1199 1656 44,
1224 1577 1283 1655 22;

288 1691 429 1780 »ἱστορεῖ
450 1693 486 1760 δὲ
506 1688 678 1770 {tumulosos
701 1692 743 1770 ὡς
760 1693 879 1780 ἐκείνης
894 1697 953 1778 μὲν
968 1691 1175 1782 ἀρχαιοτέρας
1190 1689 1287 1778 οὔσης

165 1898 169 1906 ¹
281 1811 335 1894 τῆς
357 1810 492 1894 γραφῆς,
514 1815 767 1896 μεταγραφείσης
790 1805 1201 1896 navemannessond
1225 1804 1289 1872 Εὖ-

284 1923 391 2012 dco'poo
414 1928 467 1990 eui
481 1920 712 2008 Ev'uppducov‘
743 1939 972 1990 consentaneum
996 1929 1043 2000 sit,
1069 1927 1125 2012 ipsi
1145 1927 1289 1990 recensio-

282 2042 486 2106 aemiliorum
511 2043 642 2106 virorum
666 2044 810 2128 inspicere
833 2063 893 2106 nou
918 2042 1043 2106 licuisse.
1136 2094 1138 2099 ,

300 2167 303 2174 ’
348 2157 428 2222 Haec
451 2160 482 2220 iu
506 2179 660 2222 commune
684 2159 856 2223 deuotione
879 2159 956 2221 inter
978 2156 1095 2221 codices
1119 2168 1148 2220 et
1162 2156 1290 2220 Alexan-

283 2271 368 2336 drum
392 2273 589 2337 intercedente
614 2273 691 2338 dicta
715 2277 788 2350 sint3
819 2285 925 2347 restat,
955 2284 989 2335 ut
1012 2293 1088 2356 quae
1111 2272 1218 2338 familia
1241 2293 1291 2336 eo·

284 2387 382 2452 dicum
405 2386 566 2450 Alexandri
589 2389 686 2452 textui
710 2392 803 2476 magis
826 2387 959 2463 aooedat,
985 2390 1196 2452 examinemus.
1230 2387 1291 2452 Sed

283 2503 331 2568 hie
355 2523 474 2589 quoque
495 2525 685 2589 praemonere
701 2505 770 2568 mihi
787 2506 887 2581 liceat,
913 2503 1064 2588 quomodo
1081 2504 1179 2581 lectio,
1204 2524 1289 2590 quam

283 2619 453 2684 Alexander
476 2631 595 2682 secutus
620 2622 675 2692 sit,
701 2620 871 2703 investigari
895 2618 1000 2702 possit.

350 2734 449 2820 Atque
477 2732 612 2800 lemmata
641 2731 759 2820 quidem
788 2735 853 2818 ipsa
881 2754 945 2796 non
970 2744 1078 2798 certam
1102 2737 1179 2799 viam
1209 2757 1292 2800 mon·

283 2862 393 2926 strare,
424 2851 511 2914 immo
535 2869 606 2914 vero
635 2849 740 2915 crebro
770 2847 808 2912 ab
837 2849 930 2914 aliena
958 2871 1046 2913 manu
1076 2849 1176 2914 addita
1205 2851 1291 2915 aliam

284 2988 333 3042 ac,
366 2987 453 3052 quarn
481 2964 652 3030 Alexander
679 2967 709 3028 in
733 2967 950 3032 commentariis
975 2968 1159 3041 tractaverit,
1190 2967 1290 3028 lertio-

283 3103 349 3147 nem
383 3081 540 3166 praehere,
576 3082 731 3146 Bonitzius
767 3082 876 3166 optime
906 3078 1007 3145 docuit
1021 3074 1051 3164 ¹).
1101 3079 1144 3142 llo
1173 3079 1287 3162 aegrius

283 3195 345 3266 iero
382 3197 419 3260 ab
455 3199 522 3280 ipso
552 3195 689 3262 Bonitzio
725 3196 800 3260 hano
834 3195 927 3282 legem
957 3219 1017 3260 non
1048 3194 1157 3280 ubique
1187 3188 1287 3253 obser·

283 3323 382 3374 vatam
416 3331 488 3374 esse.
535 3311 637 3376 Multis
672 3315 747 3376 enim
776 3311 848 3394 locis
880 3311 1033 3375 lectionem
1067 3311 1141 3374 hane
1175 3307 1290 3371 illamue
1316 3391 1320 3399 ι

285 3423 487 3493 Alexandrum
515 3426 654 3493 habuisse
680 3440 773 3502 certe,
803 3425 885 3488 nullo
913 3424 1107 3490 dubitationis
1130 3427 1215 3508 signo
1239 3417 1291 3482 ad·

285 3541 363 3616 dito,
393 3541 534 3618 affirmat,
564 3542 615 3606 ubi
644 3543 715 3606 haec
743 3541 851 3606 fiducia
880 3563 939 3606 non
966 3561 1004 3604 ex
1024 3517 1187 3600 Alexandri
1211 3553 1291 3598 com·

284 3658 451 3734 menteriis,
480 3669 514 3722 ut
537 3678 612 3745 quaa
638 3679 699 3722 rem
723 3658 815 3742 magis
839 3657 957 3722 dubiam
982 3673 1069 3740 quam
1094 3663 1203 3718 certam
1225 3649 1292 3718 red-

345 3900 364 3967 ¹)
387 3902 497 3972 Metaph‘.
510 3900 531 3956 Ι.
550 3900 628 3972 praei.
642 3899 703 3954 v11.
