2962 4770
738 354 782 420 ⁷2

678 441 838 453 ———

250 537 342 604 verba
364 535 410 623 τῷ
431 531 596 617 ἀνάλογον
617 530 661 612 ὦς
681 567 724 580 -
744 531 820 600 uide
848 535 944 620 prino
973 534 1011 600 alr
1034 534 1195 602 Aristotele
1222 537 1263 604 ad

250 657 405 742 sequentia
427 647 469 716 nd
491 655 552 735 μὲν
572 692 606 704 -
625 650 707 735 ὕλην
727 653 759 714 in
782 654 913 738 margine
935 649 1065 736 adjecta,
1094 651 1199 718 deinde
1220 653 1260 722 at

250 769 416 834 editoribus
439 770 534 833 alieno
558 769 625 834 loco
649 771 680 832 iu
703 779 817 832 textum
839 767 933 842 illata,
961 780 1112 852 postremo
1134 766 1262 855 dmiqu'e

249 885 403 971 particulis
438 877 511 948 ἄλλ’
542 884 562 967 ἢ
590 905 657 948 curn
691 885 837 968 proximis
866 880 965 946 verbis
999 884 1159 966 conjuncta
1186 906 1260 950 asse.

249 999 352 1074 Vides,
377 1013 503 1086 quauta
526 999 632 1064 turbas
655 1002 791 1084 imperita
815 997 939 1062 editoris
955 1018 1059 1060 manus
1074 1001 1262 1065 excitaverit!

318 1111 418 1180 1051·
435 1113 488 1180 29.
517 1112 600 1177 οἷστε
627 1109 772 1198 φανερὸν
794 1110 844 1176 du
870 1106 911 1176 sd
942 1107 1079 1194 δυνάμει
1106 1109 1188 1178 dm
1215 1115 1262 1190 εἰς

249 1230 411 1318 ἐνέργειαν
426 1225 616 1314 ἀναγόμενα
638 1222 827 1314 eripientem.
859 1228 964 1292 uictor
987 1223 1018 1290 δ’
1039 1226 1090 1292 ὅτι
1112 1227 1261 1314 walpurgi

249 1346 404 1430 ἐνέργεια·
435 1339 514 1410 ὥστ’
535 1345 572 1422 ἐξ
599 1344 759 1428 ἐνεργείας
786 1341 980 1428 eutropia·
1009 1346 1065 1406 aeui
1086 1340 1144 1408 ded
1166 1348 1261 1408 τοῦτο

248 1466 413 1536 ποιοῦντες
433 1460 675 1540 γιγνώσκουσιν·
698 1459 833 1543 ὕστερον
847 1454 910 1541 γὰρ
932 1460 1053 1537 γενέσει
1073 1455 1094 1542 ἢ
1118 1457 1261 1542 ἐνέργεια

246 1573 267 1662 ἢ
289 1569 364 1640 κατ’
378 1569 534 1660 dolopes.
567 1575 676 1660 Merito
694 1575 849 1639 Bonitzitis
872 1575 1008 1650 haesitat,
1032 1575 1185 1661 quomodo
1207 1597 1260 1670 ex-

247 1707 341 1758 trema
363 1695 518 1768 sententia,
542 1692 687 1778 particula
709 1685 772 1774 γὰρ
796 1690 995 1778 agglutinata,
1019 1711 1086 1756 cum
1109 1691 1261 1776 prioribus

249 1809 414 1875 cohaereat.
453 1808 514 1872 Nec
538 1806 691 1871 commode
713 1805 923 1892 praecedentes
946 1808 1106 1870 sententiae
1128 1802 1259 1894 ὥσιεέξ

247 1921 409 2002 ἐνεργείας
435 1915 454 2007 'l
479 1916 618 2004 δύναμις
641 1936 671 1986 et
692 1925 748 1984 καὶ
764 1953 805 1964 -
820 1919 1048 1999 γιγνώσκουσιν
1068 1943 1101 1986 se
1124 1925 1260 2009 excipere

246 2037 401 2115 videntur,
431 2037 578 2125 siquidem
607 2038 756 2124 posterior
779 2033 871 2102 multo
894 2039 1129 2122 magiscausam
1151 2041 1260 2124 prioris

246 2154 366 2219 indicat.
401 2154 503 2241 ltaque
526 2154 652 2218 tortasse
675 2156 794 2218 inverso
819 2149 923 2218 ordine
944 2150 1102 2238 legendum
1121 2166 1166 2219 est
1181 2152 1259 2220 ὥστε

250 2309 287 2321 ·-
305 2262 497 2352 εὕρίσιιεται·
522 2274 577 2331 καὶ
599 2268 656 2332 διὰ
675 2271 770 2331 τοῦτο
794 2269 960 2342 ποιοῦντες
984 2262 1016 2347 (ἰ.
1034 2290 1059 2332 e.
1081 2263 1140 2343 τὰς
1153 2294 1258 2355 γραμ-

244 2378 309 2466 μὰς
325 2381 460 2464 δυνάμει
475 2378 576 2457 οὔσας
587 2383 632 2458 εἰς
641 2382 802 2466 ἐνέργειαν
814 2378 1000 2464 ἀνάγοντες)
1014 2382 1258 2463 γιγνώσκουσιν·

246 2496 327 2560 ὥστε
349 2495 385 2574 ἐξ
408 2493 568 2584 ἐνεργείας
589 2496 609 2583 ἢ
633 2494 779 2581 δύναμις.
824 2496 885 2562 Sed
914 2520 980 2564 eum
1010 2499 1083 2566 haec
1105 2503 1254 2566 conclusio

246 2634 312 2677 eum
340 2613 464 2698 singulis
492 2591 599 2686 rebus,
628 2617 657 2676 in
688 2613 797 2698 quibus
824 2617 959 2698 potentia
981 2619 1061 2682 actui
1083 2617 1255 2703 praecedere

245 2727 347 2800 soleat,
371 2747 506 2811 pugnare
521 2725 668 2803 videatur,
692 2728 745 2790 Ar.
763 2747 892 2803 eausam,
917 2749 970 2792 cnr
985 2733 1014 2793 in
1038 2733 1126 2798 rebus
1143 2732 1250 2795 mathe-

246 2843 358 2905 maticis
382 2840 456 2904 ordo
480 2844 654 2919 invertatur,
679 2841 794 2906 addidit
817 2844 862 2908 his
886 2845 999 2910 verbis:
1027 2851 1131 2914 αἴτιον
1152 2843 1182 2912 d'
1205 2843 1253 2910 ὄτι

244 2954 350 3039 νόησις
373 2953 391 3040 ἡ
414 2956 570 3040 ἐνέργεια·
594 2955 625 3039 (i.
644 2981 668 3024 e.
694 2980 783 3024 eausa
807 2973 904 3024 antem
927 2963 958 3022 in
982 2982 1017 3024 eo
1041 2964 1186 3028 collocata
1201 2973 1253 3036 est,

245 3071 326 3156 quod
350 3070 397 3136 hic
421 3072 538 3159 quidem
563 3088 647 3140 actus
671 3079 812 3161 cogitatio
832 3070 888 3154 est)
910 3071 1043 3154 desuper
1055 3070 1121 3158 γοὶρ
1135 3080 1258 3152 γενέσει

242 3182 263 3268 ἢ
286 3183 427 3269 ἐνέργεια
449 3185 469 3270 ἢ
492 3184 563 3250 κατ’
587 3185 731 3274 ἀριθμόν
754 3187 790 3271 (i.
810 3212 835 3255 e.
861 3188 942 3276 quod
972 3190 1048 3251 enirn
1072 3186 1110 3251 ad
1132 3209 1256 3273 genera-

245 3301 353 3362 tionem
377 3301 491 3376 attinet,
515 3314 598 3368 ectus
620 3308 770 3390 posterior
789 3317 833 3368 est
854 3303 1036 3391 singularum
1058 3305 1186 3392 quisque
1208 3327 1256 3370 re·

242 3410 330 3496 rum).
367 3413 481 3498 Quodsi
504 3420 628 3483 articulo
653 3416 672 3504 ἢ
695 3416 818 3503 (νόησις
839 3415 858 3504 ἡ
880 3417 994 3506 ἐνέργ.)
1017 3424 1179 3488 acutiorem
1195 3424 1254 3486 rim

242 3528 349 3606 tribui,
375 3531 432 3594 hoc
456 3531 492 3596 de
514 3531 659 3599 industria
683 3534 747 3599 leci.
783 3535 1002 3622 Saepenumero
1020 3533 1095 3600 enim
1111 3537 1164 3602 Ar.
1181 3560 1252 3613 rem,

242 3641 278 3707 de
302 3665 360 3730 qua
384 3648 492 3732 agitur,
516 3649 557 3711 ita
580 3670 660 3712 mero
684 3651 808 3715 articulo
832 3653 948 3736 pressit,
973 3663 1007 3714 ut
1028 3652 1170 3718 articulus
1193 3657 1251 3718 viru
1384 3683 1391 3692 ·

242 3762 424 3844 pronominis
449 3760 672 3825 demonstrativi
696 3778 810 3848 aequet,
835 3770 877 3830 sic
898 3762 1008 3830 tobati
1033 3761 1177 3850 φανερὰν
1192 3763 1252 3830 οὖν

241 3870 290 3934 ὅτ’
304 3909 340 3924 -·
356 3869 485 3956 &titillet
507 3877 562 3956 τῆς
585 3872 737 3960 ζητήσεως
759 3875 778 3944 ὅ
800 3878 915 3962 τρόπος
937 3881 957 3943 i.
978 3903 1003 3945 e.
1023 3873 1117 3968 οὗτος
1132 3876 1149 3943 ὅ
1165 3880 1251 3965 elop-
