2962 4770
701 359 862 458 “re-

277 537 324 625 (v.
351 535 506 620 19-21)
535 559 600 604 curn
636 536 877 604 antecedentibus
904 534 965 622 ὕλη
995 537 1049 600 καὶ
1076 517 1287 619 ὕποιιεέχιενον

277 654 318 740 (v.
344 655 396 740 11)
419 655 624 742 conjungenda
654 675 717 718 esse
741 665 770 716 et
793 655 959 717 acutissime
982 665 1012 717 et
1036 653 1195 736 rectissime
1217 673 1286 738 per-

276 775 375 861 spexit
390 764 596 852 Aiexander¹).
633 768 694 834 Sed
717 768 771 831 hae
796 770 982 854 expositione
1003 790 1050 833 ree
1066 766 1198 832 nondum
1214 788 1285 832 oon·

277 888 351 953 fecta
375 900 434 965 est;
458 888 553 950 cuivis
577 888 653 950 enirn
669 887 698 947 in
715 895 840 948 mentem
855 886 957 948 venire
973 882 1069 961 debet,
1095 905 1153 971 qna
1168 883 1285 950 tandem

184 985 188 992 ¹
277 1003 313 1068 de
341 1023 429 1066 causa
458 1001 503 1063 his
531 1001 716 1086 potissimum
746 1001 776 1063 in
806 998 953 1086 capitibus
977 997 1051 1062 ordo
1075 1000 1285 1064 sententiarum

276 1131 336 1182 tarn
359 1118 503 1181 laceratus
526 1118 574 1191 sit,
599 1127 688 1201 atque
711 1127 757 1180 tot
773 1128 861 1181 notae
876 1117 1001 1202 margini
1019 1113 1151 1209 adj-cetae
1167 1112 1284 1180 fuerint.

220 1280 223 1287 ,
275 1233 340 1298 Hoc
362 1232 433 1297 forti
452 1243 485 1296 'et
507 1234 588 1296 casui
604 1231 735 1296 tribuere
751 1234 937 1296 temerarium
953 1243 1007 1307 est,
1031 1232 1172 1295 secretior
1187 1230 1286 1317 aliqua

277 1359 367 1414 censa
395 1347 517 1412 subesse
541 1345 644 1422 debet,
674 1347 726 1412 sed
750 1347 786 1412 de
808 1349 864 1412 bae
887 1369 919 1412 re
940 1349 971 1410 in
995 1346 1085 1412 altere
1108 1357 1286 1411 commenta·

278 1465 366 1529 tionis
389 1477 473 1550 perte
497 1461 637 1526 dicemus.

276 1733 430 1809 Primus
463 1743 590 1805 textus
623 1735 723 1802 notis·
753 1735 794 1802 ι’νι
820 1733 989 1829 morpine
1015 1729 1174 1821 adjectis
1201 1753 1283 1802 eon·

679 1866 891 1962 taminatus.

300 2071 305 2090 ¹
342 2035 421 2104 98112
439 2037 468 2102 2.
492 2029 566 2110 τούς
583 2027 625 2112 δ’,
648 2033 753 2116 ὥσπερ
768 2037 823 2100 καὶ
842 2033 906 2100 τῶν
921 2030 1061 2120 ἀψύχων
1077 2031 1156 2116 ἔνια,
1179 2043 1301 2112 ποιεῖν,

274 2157 342 2239 μέν,
373 2149 430 2219 οὐκ
457 2151 567 2216 εἰδότα
597 2150 634 2215 δέ
656 2160 761 2229 ποιεῖν
782 2150 806 2212 o‘i
828 2159 928 2227 nocet,
958 2145 1027 2214 nior
1048 2153 1131 2214 ruico
1153 2145 1189 2214 cci
1211 2150 1285 2236 πῦρ.

275 2265 316 2334 τοὶ
331 2275 391 2353 μὲν
406 2265 465 2333 οὖν
480 2267 596 2354 ἄψυχα
611 2260 708 2350 φύσει
721 2269 784 2330 τινὶ
798 2274 903 2330 ποιεέν
917 2264 1038 2332 τούτων
1051 2267 1195 2344 ἕκαστον,
1211 2261 1286 2344 τούς

276 2386 313 2450 δὲ
335 2385 537 2470 χειροτέχνας
559 2378 601 2446 δι’
618 2379 708 2458 ἔθος,
732 2378 774 2456 ὡς
789 2377 829 2447 ori
842 2376 926 2446 corti
941 2377 978 2446 ab
993 2377 1186 2468 πραντικούς
1201 2385 1286 2448 εἶναι

277 2501 478 2590 σοφωτέρους
493 2493 600 2574 ὄντας.
629 2498 731 2565 Verba
755 2511 887 2564 extrema
910 2498 978 2565 inde
993 2499 1032 2565 ab
1051 2492 1096 2574 ὦς
1111 2492 1151 2563 ori
1164 2520 1201 2562 ex
1216 2519 1284 2563 sen-

276 2611 432 2682 tentiarum
455 2636 593 2678 connexu
609 2613 648 2677 ed
666 2617 832 2699 proximam
848 2635 949 2678 voeern
966 2616 1166 2701 χειροτέχνας
1179 2612 1284 2679 referri
1366 2701 1370 2706 ι

276 2752 336 2793 non
359 2750 458 2815 posse,
482 2731 570 2792 immo
587 2750 659 2792 vero
683 2750 749 2792 curn
772 2729 924 2815 prioribus
940 2730 1040 2796 verbis
1059 2727 1186 2815 μᾶλλον
1201 2729 1281 2794 εἶδέ·

275 2868 329 2910 ναι
352 2877 393 2890 -·
415 2847 470 2908 eoi
497 2847 698 2931 σοφωτέρους
720 2843 767 2910 ¹³1
793 2847 959 2910 necessario
991 2846 1198 2934 conjungenda
1221 2865 1283 2910 esso

275 2965 448 3046 interpretes
463 2940 611 3025 viderunt.
643 2961 684 3025 At
698 2964 905 3048 grammaticae
920 2961 1184 3048 iegestprobibent
1209 2983 1284 3048 qno·

274 3077 369 3140 minus
392 3076 479 3140 telern
502 3079 645 3140 rationem
668 3079 809 3153 ineamus,
834 3079 1004 3163 praesertim
1027 3099 1092 3142 curn
1108 3079 1181 3143 baec
1196 3098 1285 3142 meur·

276 3229 484 3243 -....-..---·

331 3307 350 3374 ¹)
374 3306 456 3360 Miror
468 3307 615 3364 Bonitzium
634 3311 660 3365 in
679 3312 739 3367 edit.
753 3313 783 3366 ab
802 3312 848 3366 bae
867 3313 991 3366 sententia
1008 3312 1155 3378 recessisse,
1175 3314 1220 3384 qui
1233 3313 1285 3366 uti·

274 3422 330 3460 nam
355 3406 435 3478 magis
459 3409 615 3478 respexisset
636 3408 784 3480 particulam
808 3404 862 3483 peip
882 3408 1006 3474 (ἅπαντα
1023 3407 1095 3482 γὰρ)
1114 3409 1156 3464 vel
1175 3411 1284 3464 maxime

273 3502 393 3567 alienam,
418 3504 441 3556 ei
458 3503 590 3575 vulgatum
615 3507 730 3560 ordinem
751 3504 898 3558 retinemus.
935 3506 986 3558 Nec
1005 3507 1031 3558 in
1048 3499 1179 3575 prioribus
1197 3505 1283 3559 vcrbis

273 3603 329 3653 otor
345 3598 398 3668 πῦρ
411 3626 445 3637 -
458 3603 559 3670 κεφαλὴ
576 3602 730 3674 explicandis
749 3601 885 3658 Bonitzius
904 3601 966 3655 mibi
985 3601 1116 3656 satisfecit.
1148 3604 1238 3657 Nonne
1257 3595 1283 3656 iu

272 3697 321 3750 ista
346 3696 512 3767 explicatione
535 3699 616 3752 multo
642 3700 722 3771 magis
747 3699 860 3768 αὐτοπῢρ
884 3694 1013 3770 αὐιοσᾶρξ
1037 3699 1210 3770 αιἰτπιιχιαλῆ,
1240 3708 1283 3753 aut

273 3810 332 3848 casu
346 3796 458 3866 genitivo
471 3793 553 3868 πυρὸς
564 3791 661 3864 σαρκός
671 3797 787 3864 κεφαλῆς
798 3796 931 3851 dicendum
944 3793 1013 3849 tutor
1031 3797 1164 3851 Praeterea
1178 3797 1281 3850 omnino

272 3908 324 3945 non
342 3891 477 3961 perspicio,
496 3907 540 3963 cur
558 3892 602 3948 Ar.
620 3911 672 3948 non
691 3895 813 3950 solenania
831 3894 945 3948 idearum
964 3892 1077 3966 exempla
1095 3891 1245 3964 laudaverit

1454 3659 1457 3769 i

1454 3817 1456 3895 t

1452 3899 1455 4021 i

1406 2227 1410 2236 Ι
1466 2165 1468 2214 i
