2910 4778
668 391 827 486 *dd—-

240 565 340 640 οίκίας
368 561 399 628 oi
428 563 520 630 λίθοι
542 565 602 630 elci
623 566 718 652 μόρος
741 565 881 646 καὶτῶν
905 560 1017 633 ἄλλων
1040 565 1153 634 attio..
1181 569 1248 654 Qun

239 696 327 770 pacto
351 685 426 746 enim
450 684 590 770 explicari
613 696 714 770 potest
736 682 901 749 l'rictionem
925 688 1070 771 corporis,
1095 709 1111 749 a
1135 686 1249 751 medico

169 822 173 830 ·
239 799 276 862 ad
300 799 486 864 excitandum
517 801 641 864 calorem
666 787 845 877 adhibitam,
876 800 975 865 eadem
999 805 1114 867 ratione
1136 817 1249 892 partem

239 918 372 982 sanitatis
400 916 457 981 dici
479 939 536 1004 qua
558 917 681 1002 lapides,
706 920 854 982 materiem
877 917 1021 982 aedilicii?
1054 920 1145 984 lrnmo
1166 942 1248 995 vero,

239 1035 263 1096 si
293 1031 364 1119 quid
388 1032 492 1108 video,
523 1031 658 1097 obscuris
688 1033 733 1101 bis
756 1034 855 1098 verbis
879 1036 975 1120 ipsum
999 1033 1070 1098 illud
1096 1035 1249 1102 discrimen

239 1147 400 1225 iudicetur,
425 1147 602 1235 quodinter
619 1149 784 1214 frictionem
807 1154 1096 1238 exstructionemque
1120 1164 1149 1216 et
1173 1153 1250 1218 calo-

238 1287 298 1330 rem
323 1267 458 1352 corporis
482 1264 654 1352 lapidesque
677 1266 793 1331 aedium
818 1269 943 1356 intersit.
981 1267 1046 1332 darn
1071 1291 1138 1332 curn
1162 1269 1248 1334 codd.

238 1381 280 1446 Al
296 1381 338 1444 Hl
355 1381 521 1446 exhibeant
542 1377 578 1444 τό
603 1381 718 1444 ποιοῦν
741 1376 777 1444 τό
800 1383 909 1467 μέρος,
934 1384 1044 1469 quibus
1061 1384 1178 1472 Asclep.
1204 1407 1251 1449 as·

239 1499 373 1573 sentitur,
398 1499 535 1582 suspicor
549 1499 580 1559 in
604 1509 729 1583 utraque
746 1497 833 1562 codd.
851 1497 958 1563 familia
975 1498 1086 1586 aliquid
1103 1501 1142 1564 ob
1158 1501 1251 1567 verba

124 1613 129 1620 '
238 1613 371 1678 similiter
394 1612 527 1677 cadentia
552 1612 697 1678 excidisse
720 1626 809 1700 atque
831 1612 908 1678 hauc
931 1616 1055 1701 primam
1073 1629 1174 1680 textus
1190 1617 1250 1682 lor-

238 1753 314 1794 mam
342 1729 447 1793 luisse:
483 1726 502 1813 η
530 1729 691 1814 θερμότης
719 1732 828 1793 τοίνυν
850 1726 870 1813 ἢ
897 1728 932 1792 ἒν
953 1729 1003 1816 τῷ
1027 1729 1176 1813 σώματι
1199 1729 1248 1814 (εί.

239 1844 295 1910 34³
310 1843 362 1908 26.
386 1844 548 1928 θερμότης
569 1840 630 1931 γὰρ
653 1842 673 1929 ἢ
697 1843 733 1909 ἐν
747 1845 785 1935 τῇ
807 1843 926 1930 κινήσει
949 1841 1136 1932 θερμότητα
1156 1847 1192 1915 ἐν
1205 1853 1249 1936 τῷ

239 1961 360 2043 στόματι
374 1957 537 2044 ἐποίησεν·
562 1957 643 2044 αὕτη
667 1956 736 2041 (intr
757 1957 777 2046 η
799 1959 841 2024 ἐν
856 1963 900 2047 τῷ
924 1960 1057 2044 στόματι)
1083 1960 1113 2026 δ’
1130 1961 1250 2049 deciri*

237 2073 300 2158 dy.)
323 2072 344 2162 ἢ
364 2077 461 2159 μέρος
542 2075 701 2165 πλειόνων
714 2110 755 2122 ψ
769 2076 862 2141 τοῦτο
887 2073 917 2141 δ’
931 2075 1067 2158 ἔσχατον
1082 2074 1116 2169 τό
1132 2079 1247 2144 ποιοῦν

238 2188 274 2256 τό
297 2195 393 2278 μέρος
408 2225 447 2239 *-
460 2197 515 2258 καὶ
537 2186 572 2256 τό
598 2193 698 2270 οὕτως
722 2189 753 2274 (ἱ.
773 2217 796 2259 c.
822 2193 903 2282 quod
927 2197 956 2257 in
978 2197 1044 2282 ipso
1062 2218 1184 2282 corpore
1200 2219 1247 2263 sa·

237 2308 336 2372 nando
361 2323 390 2374 et
414 2310 501 2373 domo
526 2308 705 2374 aedificanda
732 2308 826 2394 inest)
849 2312 945 2394 μέρος
968 2309 1033 2376 ἐστὶ
1054 2312 1107 2398 τῆς
1128 2309 1249 2394 ὑγιείας

239 2429 292 2488 καὶ
314 2425 368 2510 τῆς
391 2425 502 2500 οἰκίας.

307 2539 405 2606 10341
429 2540 479 2608 19.
516 2537 580 2630 dard
613 2538 676 2621 γὰρ
711 2543 833 2607 τούτων
863 2542 1071 2628 κινηθήσεται
1099 2546 1163 2611 τόν
1192 2543 1246 2612 oric

238 2656 376 2738 ἐχόντων
390 2660 450 2739 μὲν
463 2651 522 2740 την
537 2658 659 2740 τέχνην,
681 2660 844 2720 κινεῖσθαι
867 2657 904 2721 δὲ
927 2657 1116 2742 δυναμένων
1132 2660 1248 2739 αὐτόν,

237 2775 257 2856 ἢ
279 2768 336 2835 ὑπ’
352 2769 461 2836 ἄλλων
477 2767 534 2836 οὐκ
557 2769 696 2851 ἐχόντων
710 2769 767 2857 την
781 2774 895 2859 τέχνην
910 2775 930 2860 ἢ
954 2773 988 2838 ἐκ
1009 2779 1134 2861 μέρους.
1170 2780 1251 2845 Ηεεο

237 2888 329 2953 verba
352 2889 516 2952 scribarum
539 2890 626 2976 culpa
643 2904 731 2978 atque
751 2892 1030 2978 interpolationibus
1046 2896 1172 2980 turpiter
1187 2894 1251 2961 ioc-

238 3005 306 3068 data
329 3017 407 3068 sunt.
440 3004 491 3068 Ar.
510 3003 645 3071 distinxit
665 3010 743 3071 inter
758 3018 877 3081 eas'res‚
902 3028 979 3092 quac
995 3012 1112 3072 nonnisi
1128 3011 1248 3074 artificis

237 3142 332 3197 manu¹
350 3119 509 3206 adjuvante
532 3126 644 3186 moveri
668 3125 793 3206 possint,
820 3137 848 3187 et
871 3143 928 3196 eas,
955 3142 1030 3206 quae
1054 3121 1163 3184 artifice
1186 3143 1247 3184 non

237 3236 405 3322 indigeant3
434 3231 485 3314 (-
505 3260 534 3300 v.
554 3234 607 3320 18)
631 3239 683 3303 has
708 3242 787 3304 enirn
807 3260 853 3302 res
878 3248 929 3298 aut
952 3234 989 3298 ab
1014 3235 1076 3298 aliis
1101 3239 1171 3300 artis
1196 3259 1249 3302 ex-

237 3352 371 3439 pertibus
402 3365 454 3416 aut
482 3354 613 3439 ipsarum
644 3356 741 3442 aliqua
765 3363 848 3439 parte
872 3345 925 3429 (ἐκ
947 3353 1063 3437 μέρους
1087 3351 1123 3417 cl.
1147 3350 1247 3435 Alex.)

164 3463 167 3470 ¹
238 3467 322 3536 effici.
370 3467 429 3534 Sed
459 3483 493 3534 ut
522 3470 580 3534 hoc
609 3493 705 3535 rerum
736 3489 829 3554 genus
858 3490 913 3532 suo
933 3472 1048 3556 ‘vigore
1076 3474 1106 3536 in
1135 3482 1247 3534 motum

237 3586 389 3650 transduci
412 3598 520 3671 potest,
545 3589 586 3650 ita
602 3588 675 3650 nibil
691 3588 820 3668 interest,
846 3599 878 3650 ut
893 3585 983 3650 rudes
999 3599 1128 3652 motores
1141 3598 1247 3672 sponte

238 3707 420 3768 moveantur.
456 3703 521 3768 ‚lam
546 3725 611 3766 curn
636 3722 689 3765 nec
712 3699 800 3764 bruta
824 3725 876 3766 nec
894 3702 952 3766 ulla
976 3724 1022 3767 res
1046 3706 1117 3768 artis
1141 3724 1248 3788 expers

239 3816 295 3881 dici
325 3823 435 3903 possit,
465 3818 599 3881 homines
624 3829 720 3880 autern
745 3839 845 3883 omnes
869 3821 957 3893 insito
981 3821 1085 3905 vigore
1109 3838 1248 3880 movean-

238 3945 297 4006 tur,
323 3935 441 3997 omnino
467 3955 525 3998 non
549 3933 723 4022 intelligitur
739 3957 792 4000 cur
807 3932 955 4020 addantur
971 3933 1068 4029 verba⁸
1086 3936 1249 3998 κινεῖσθαι
