2962 4770
631 395 789 496 L
871 435 874 442 2

206 579 355 666 Exemplis
379 579 514 665 quamvis
536 576 649 642 scabris
672 595 733 640 rem
756 575 944 644 illustremus.
991 576 1025 644 Si
1050 581 1116 666 quis
1139 577 1216 646 lortc

205 697 294 760 latere
319 716 335 759 e
358 706 435 760 tecto
461 694 581 780 delapso
601 715 712 770 caesus,
736 694 811 758 later
829 705 927 758 autem
943 695 1055 780 impetu
1071 696 1216 782 procellae

206 812 327 876 avulsus
355 809 457 888 luerit,
488 813 563 876 ratio
595 809 632 874 ad
662 831 779 874 eausam
803 810 941 875 movendi
965 809 1132 876 reducenda
1155 825 1215 890 cst;

207 931 252 992 sin
276 929 323 994 cui
347 927 446 994 subito
470 930 501 992 in
524 939 648 1012 merrtem
667 929 796 1003 venerit,
820 929 850 991 in
875 949 958 991 suam
974 927 1072 991 villam
1096 949 1128 992 so
1145 950 1216 993 con·

205 1043 296 1122 serre,
332 1047 362 1108 in
391 1047 494 1109 itinere
529 1056 626 1108 autem
658 1065 675 1108 a
704 1043 870 1108 latronibus
901 1043 1084 1131 exspoliatus
1115 1043 1214 1130 luerit,

176 1181 294 1225 -causa
324 1160 362 1225 ad
389 1161 475 1226 finem
506 1160 651 1249 quendem
674 1159 841 1226 reducenda
867 1173 920 1226 est.
967 1161 998 1223 ln
1023 1163 1102 1224 omni
1124 1162 1217 1246 igitur

205 1297 237 1340 re
271 1273 409 1353 iortuita,
448 1299 507 1365 quo
537 1300 573 1341 ex
603 1298 758 1341 causarum
792 1299 898 1364 genere
928 1298 975 1340 res
1004 1274 1138 1363 proiecta
1166 1277 1214 1350 sit,

205 1403 317 1457 attento
342 1397 438 1458 animo
463 1396 631 1458 examinare
654 1392 706 1458 Ar.
728 1393 826 1478 jubet.
862 1391 976 1458 Attenti
1000 1395 1093 1480 igitur
1108 1391 1214 1456 simus!

205 1507 278 1574 Cum
303 1487 380 1575 enim
397 1511 450 1575 Ar.
475 1512 575 1597 priore
598 1511 664 1574 loco
689 1531 806 1574 cansam
831 1509 1039 1574 accidentalem
1063 1507 1215 1572 admate-

203 1628 275 1688 riam
297 1611 480 1690 referendam
505 1647 567 1690 esse
591 1625 715 1700 dixerit,
740 1627 797 1691 lroc
819 1647 881 1687 non
906 1624 943 1687 ad
967 1647 1068 1688 omnes
1089 1645 1135 1688 res
1154 1624 1215 1688 lor-

204 1741 294 1803 tuitus
324 1737 443 1804 extendi
472 1761 560 1826 posse
578 1753 724 1825 apparot.
772 1741 869 1804 Antea
891 1761 963 1804 vero
992 1734 1061 1818 (26b
1077 1735 1118 1802 35
1135 1737 1214 1825 sqq.)

203 1855 255 1919 Ar.
281 1854 404 1920 renuite
432 1855 494 1919 fieri
519 1868 687 1931 monuerat,
719 1858 744 1918 si
768 1853 844 1920 forte
869 1855 974 1920 diebus
998 1853 1214 1920 canicularibus

202 1969 313 2058 irigore
341 1973 440 2035 ornnia
468 1983 622 2057 torpeant,
652 1983 704 2035 aut
733 1984 865 2058 tempore
888 1969 1019 2034 hiberno
1049 1983 1133 2035 aestu
1161 1971 1215 2035 fla-

201 2101 295 2174 grent.
342 2087 408 2153 darn
437 2107 503 2168 cum
533 2107 635 2151 causas
663 2086 767 2151 harum
791 2086 981 2152 fortuitarum
1005 2108 1103 2151 rerum
1127 2088 1213 2152 unice

202 2203 239 2266 ad
267 2207 417 2268 materiam
446 2199 630 2267 reddeendas
660 2224 731 2267 essc-
751 2205 941 2288 perspicuum
965 2203 1019 2279 sit,
1049 2201 1099 2266 illa
1122 2201 1213 2266 verba

203 2314 281 2380 aiore
304 2311 323 2401 ἡ
347 2315 406 2400 ὕλη
427 2355 462 2368 -
483 2318 714 2404 συμβεβηκότος
732 2318 781 2383 ad
811 2318 884 2382 haec
907 2317 1042 2404 exempla
1065 2320 1212 2405 pertinere
1270 2331 1273 2338 “

202 2432 272 2495 milri
301 2453 475 2519 persuasum
503 2431 610 2497 babeo.
659 2434 719 2499 Sed
743 2457 803 2520 quo
827 2435 894 2497 looo
918 2433 1009 2498 verba
1031 2439 1096 2521 ipsa
1121 2421 1213 2500 collo·

202 2547 294 2612 canda
325 2549 398 2625 sint,
437 2546 554 2612 difficile
584 2562 629 2613 est
657 2549 753 2627 dictu,
790 2551 859 2636 quia
889 2561 951 2614 tota
982 2563 1113 2614 extrema
1142 2575 1212 2638 pars

201 2685 264 2751 cap.
280 2663 305 2728 ll
327 2665 414 2728 nimis
437 2663 559 2729 turbata
583 2676 636 2728 est.
672 2663 735 2748 Qua
759 2670 789 2729 in
813 2688 844 2730 re
868 2665 906 2730 ad
928 2687 1017 2731 unam
1032 2689 1092 2732 rem
1109 2668 1212 2734 oculos

199 2780 342 2846 lectorum
370 2781 514 2846 direxisse
536 2780 633 2844 velim.
680 2781 711 2842 ln
734 2784 986 2866 praestantissima
1010 2783 1211 2870 disputatione

200 2891 267 2956 libri
283 2898 319 2956 ll.
343 2915 367 2956 c.
381 2894 445 2956 Vlll
468 2895 562 2978 prima
586 2914 654 2978 pars
678 2894 769 2978 hujus
794 2917 857 2981 cap.
874 2896 898 2959 ll
926 2936 961 2950 -
977 2895 1034 2962 26¹³
1048 2897 1090 2962 35
1115 2911 1144 2964 et
1160 2922 1211 2964 ex-

200 3019 292 3072 trema
307 3007 383 3072 inde
407 3008 444 3074 ab
469 3008 525 3074 272
545 3007 585 3074 18
607 3009 729 3074 brevius
753 3013 894 3097 repetitae
918 3013 1067 3100 leguntur.
1109 3015 1140 3080 ln
1163 3015 1211 3080 his

200 3138 296 3190 autem
320 3126 455 3212 partibus
476 3147 540 3213 cap.
558 3126 581 3191 ll
605 3139 634 3191 et
656 3149 710 3214 per
733 3126 829 3193 tolum
853 3140 943 3215 caput
957 3129 994 3194 lll
1017 3129 1093 3193 duae
1115 3133 1210 3217 potis-

200 3242 302 3304 simum
327 3245 513 3328 quaestiones
539 3243 711 3310 solvuntur:
735 3243 842 3310 nnllam
867 3263 930 3310 csse
946 3249 1095 3312 scientiam
1111 3268 1209 3312 rerum

199 3353 421 3419 accidentalium
444 3370 474 3420 et
496 3379 599 3423 causas
621 3381 720 3424 rerum
743 3357 932 3426 fortuitarum
956 3367 1065 3448 primas
1085 3377 1114 3428 et
1129 3366 1210 3451 ipsas

187 3468 336 3534 lortuitas
359 3491 413 3536 neo
437 3471 474 3537 ab
499 3472 554 3535 alia
578 3495 666 3538 causa
689 3474 837 3562 proiectas
862 3499 934 3542 esse.
981 3477 1045 3542 Jarn
1071 3479 1096 3541 si
1118 3481 1209 3544 inter·

192 3588 272 3672 jecta
288 3585 378 3652 verba
402 3590 589 3674 respicimus,
615 3590 730 3656 eaedem
756 3593 812 3657 hae
836 3592 910 3658 duae
934 3596 1120 3682 quaestiones
1138 3593 1209 3658 diri·

197 3717 332 3771 muntur:
357 3702 464 3768 nullam
489 3717 580 3768 artem
604 3701 730 3792 (τέχνην
753 3709 791 3793 ab
815 3707 968 3801 ἐπιστήμῃ
991 3711 1047 3775 hoc
1063 3711 1129 3775 loeo
1146 3733 1207 3775 non

198 3817 342 3885 diversam
352 3814 392 3903 1))
415 3841 513 3885 rernm
537 3819 725 3888 fortuitarum
750 3847 812 3891 esse
836 3826 1056 3892 demonstratur
1071 3823 1139 3907 (2·7·
1155 3824 1205 3910 6);

201 3929 406 3946 Ἣ

255 3975 274 4042 ¹)
298 3975 329 4030 cl.
347 3977 440 4033 Ronitz
460 3979 569 4070 metaph.
588 3979 623 4047 ll,
636 3977 679 4034 lo.
