2962 4770
603 369 763 468 „ra-⁷..

178 562 263 628 drum
286 581 316 646 p.
333 552 387 634 86,
413 551 455 620 32
471 546 589 628 etto,
609 547 651 614 12
674 549 719 616 ed.
744 547 819 614 Bon.
835 545 937 611 libros
962 544 1034 628 περὶ
1055 540 1191 627 φιλοσο-

179 678 256 761 φίας
284 675 421 738 citantem
451 666 531 732 haud
555 664 646 730 dubie
669 663 761 728 libros
790 664 884 746 »περὶ
907 656 1061 738 drudoni«
1092 679 1191 743 respe-

78 851 82 856 .
178 794 258 860 xime
282 788 363 862 dicit,
387 784 417 848 id
441 782 512 848 mihi
529 780 646 867 quidem
662 781 834 865 neutiquam
850 790 910 841 tam
924 775 1111 849 manifestum
1128 794 1192 839 esse

26 931 27 945 ι
53 907 62 936 ’·
179 895 321 970 νίἀοῑιὶα
354 900 513 967 Tractatus
542 898 617 962 enim
648 897 721 978 περὶ
743 892 797 976 τῆς
820 888 988 975 ἀναγωγῆς
1010 889 1073 954 τῶν
1096 887 1205 982 ἕνον.

179 1020 255 1081 τίων
279 1016 315 1079 ab
341 1014 425 1078 Alex.
451 1013 622 1098 quinquies:
658 1007 739 1084 206,
763 1007 822 1086 223
852 1004 933 1081 218,
954 1004 1009 1083 12;
1034 1000 1192 1080 218,16;

180 1129 260 1206 616,
287 1128 343 1204 12;
373 1126 498 1204 588,2
526 1124 678 1200 laudatur,
712 1135 801 1209 atque
825 1125 854 1186 iu
879 1093 1016 1185 omnibus
1041 1120 1096 1183 illis
1120 1119 1192 1182 locis
1246 1146 1254 1158 -

180 1247 233 1310 Ar.
250 1245 285 1308 de
308 1244 364 1309 hac
387 1266 418 1306 re
443 1246 472 1304 in
497 1241 580 1306 libris
600 1244 673 1324 περὶ
688 1234 821 1330 ἀγαθοῦ
838 1238 932 1322 egisse
947 1235 1033 1301 Alex.
1051 1232 1193 1308 affirmat,

180 1360 313 1424 Platonis
343 1371 440 1424 autem
470 1356 634 1421 doctrinam
658 1353 695 1418 de
718 1351 972 1438 magnitudinibus
995 1349 1032 1414 ah
1057 1349 1110 1412 Ar.
1134 1359 1194 1412 tra·

55 1511 59 1545 r
182 1487 289 1546 etatem
314 1475 376 1538 e‘sse
400 1471 445 1536 bis
464 1473 552 1536 Alex.
572 1482 672 1534 monet
694 1467 752 1543 86,
770 1465 828 1543 32;
853 1463 987 1542 756,17
1013 1476 1042 1528 et
1066 1475 1194 1547 utroque

182 1589 247 1654 loeo
265 1611 319 1652 nos
336 1587 373 1653 ad
390 1571 481 1653 libros
497 1588 569 1665 ampl
586 1585 781 1665 φιλοσοφίας
798 1582 922 1665 delegat.
953 1579 1086 1654 Accedit,
1112 1577 1195 1663 quod

33 1723 52 1778 ἰ
183 1701 268 1767 Alex,
286 1703 315 1764 in
338 1701 469 1781 seeundo
492 1700 570 1762 libro
595 1700 667 1778 περὶ
683 1689 817 1775 aranon
840 1696 987 1758 contraria
1011 1692 1140 1756 membra
1157 1691 1195 1756 ad

41 1856 48 1894 ι
182 1818 306 1901 primam
329 1817 566 1878 contrarietatem
590 1813 712 1876 unitatis
737 1823 766 1875 et
784 1807 979 1874 multitudinis
995 1807 1116 1872 reducta
1133 1829 1195 1908 csso

39 1953 44 1998 l
182 1930 341 1994 identidem
364 1939 464 1994 monet
493 1925 572 2002 206,
598 1925 653 2004 13;
678 1923 829 2004 218,12;
854 1922 928 2000 218,
956 1922 1012 2002 15;
1048 1922 1196 2010 Syriacus

184 2058 295 2122 autem,
328 2047 379 2131 qui
406 2064 510 2130 graece
540 2045 707 2128 exscriptus
732 2043 881 2105 invenitur
904 2038 985 2124 apud
1008 2039 1196 2102 Brundisium
1248 2067 1251 2076 ·
1310 2056 1315 2064 ·

182 2160 201 2225 l.
218 2160 237 2223 l.
262 2181 291 2244 p.
309 2157 362 2236 47,
388 2160 417 2221 in
441 2156 572 2221 secundo
596 2157 672 2245 libro
696 2160 768 2238 περὶ
784 2153 980 2238 φιλοσοφίας
996 2152 1194 2230 difficultates,

184 2273 293 2358 quibus
322 2272 453 2335 Platonis
485 2270 619 2336 doctrina
649 2270 685 2333 dc
715 2268 860 2334 idealihus
890 2271 1018 2335 numeris
1047 2268 1197 2354 implicata

183 2385 287 2460 fuerit,
320 2387 470 2470 expositas
500 2407 562 2450 esse
593 2383 722 2448 disertim
752 2396 878 2448 enarrat.
930 2385 1029 2469 Atque
1059 2383 1095 2446 de
1122 2383 1196 2448 ideis

26 2563 34 2574 ,
121 2542 125 2548 -
184 2523 254 2566 saue
277 2500 330 2565 Ar.
355 2498 391 2562 ἐν
412 2508 478 2572 τοῖς
507 2497 614 2578 λόγοις
642 2495 839 2577 ἐξωτερικοῖς
865 2497 1031 2584 disputasse
1054 2501 1118 2587 ipse
1142 2497 1195 2562 Ar.

185 2628 273 2680 testes
297 2627 342 2680 cst
367 2612 465 2680 10762
483 2613 526 2678 28
548 2608 766 2696 τεθρύλληται
788 2609 848 2696 γὰρ
872 2607 911 2676 τοὶ
935 2607 1042 2675 πολλοὶ
1062 2605 1195 2700 malind
1255 2648 1259 2654 ·

184 2730 248 2795 τῶν
263 2727 458 2814 ἐξωτερικῶν
473 2726 587 2807 λόγων.
612 2728 672 2792 Νοσ
689 2727 799 2803 obstat,
817 2728 899 2814 quod
915 2727 1048 2792 Alex.'iu
1065 2726 1141 2792 libro
1153 2731 1197 2792 A.

169 2844 361 2927 ‹explicando
385 2841 451 2905 libri
468 2843 501 2903 lll
526 2841 561 2903 de
585 2842 773 2928 philosophia
790 2843 899 2907 nullam
921 2845 1064 2906 rationem
1080 2843 1195 2918 hahuit,

186 2956 424 3044 quandoquidem
448 2955 506 3020 illic
531 2977 589 3018 non
610 2958 712 3021 stricta
729 2954 951 3030 demonstratio,
976 2956 1027 3021 sed
1044 2957 1197 3043 popularis

185 3076 316 3136 suavitas
340 3072 538 3158 praevaluisse
559 3069 687 3134 videtur.
710 3070 824 3153 ,Quidt
848 3069 929 3156 quod
951 3072 997 3135 vel
1016 3070 1195 3158 Simplicius,

187 3209 273 3271 quem
294 3189 394 3275 locum
411 3187 491 3252 illum
509 3209 547 3252 cx
562 3186 646 3251 libris
662 3190 734 3268 napi
750 3183 947 3270 φιλοσοφίας
962 3190 1197 3273 transscripsisse

142 3321 144 3327 ⁴
188 3250 330 3376 rilinde,
359 3302 458 3386 paullo
491 3314 557 3364 ante
587 3302 663 3366 dixit
691 3299 784 3364 schol.
804 3299 882 3364 [175ἃ
902 3299 941 3364 13
971 3300 1041 3366 darei
1068 3300 1115 3365 ὅτι
1138 3303 1199 3368 alni

186 3417 264 3476 θεοὶ
291 3407 417 3476 αἰώνια
444 3417 550 3498 νοεροὶ
578 3413 613 3476 ἓν
642 3415 685 3501 τῷ
714 3411 744 3498 η’
765 3414 819 3500 τῆς
842 3415 980 3500 Φυσικῆς
999 3409 1198 3501 Ἀκροάσεως

187 3525 317 3606 ἔδειξε
339 3532 394 3590 καὶ
416 3526 451 3594 ἓν
473 3537 539 3604 τοῖς
555 3524 649 3592 Μετὰ
674 3525 714 3592 τοὶ
732 3529 861 3613 φυσικά.
895 3531 1092 3598 Nihilominus
1111 3533 1197 3617 qnid-

55 3677 62 3684 ·
188 3665 275 3730 quam
299 3645 371 3708 certi
395 3643 431 3708 de
454 3643 510 3708 hac
533 3665 563 3708 rc
587 3654 717 3709 statuere
739 3647 819 3721 nolo,
846 3649 915 3733 qnia
937 3647 985 3710 illa
1008 3668 1092 3724 saue,
1122 3668 1197 3734 quac

188 3759 333 3845 Syriacus
358 3759 428 3822 alias
452 3780 488 3822 ex
511 3759 597 3824 libris
620 3761 694 3845 περὶ
716 3759 913 3845 φιλοσοφίας
928 3757 1001 3842 (vid.
1019 3760 1127 3828 Brund.
1145 3761 1196 3826 tl.

188 3892 218 3955 p.
235 3871 291 3954 44)
316 3873 425 3949 laudat,
451 3895 629 3960 magnopere
653 3875 836 3939 concordant
859 3897 924 3940 eum
947 3879 997 3953 iis,
1023 3899 1098 3963 quae
1121 3876 1198 3942 Sim·¹

179 3984 304 4071 plion,
329 3988 520 4065 Themistius,
544 3973 730 4076 Philoponus
754 3989 791 4054 ad
807 3989 860 4054 Ar.
882 3989 918 4054 de
942 4013 988 4055 an.
1004 3998 1049 4056 A.
1072 4015 1096 4058 c.
1113 3994 1136 4057 ll
1151 3993 1198 4062 vel
