2962 4770
607 395 766 495 ‚¹2³-

181 584 393 674 significantem
418 579 593 665 detorquere
610 576 751 661 potuerit.
785 570 987 658 Prodigaatur
1002 579 1099 632 autem
1115 567 1189 630 istae

182 704 348 787 opiniones,
373 699 397 759 si
412 695 465 758 Ar.
489 695 519 756 iu
544 693 607 755 aliis
623 689 705 754 libris
721 705 752 752 re
768 708 837 752 vere
860 679 981 768 κόσμον
998 686 1052 744 καὶ
1067 681 1189 762 αἰθέρα

184 815 248 901 ζῷα
276 809 433 876 ἀθάνατα
459 808 542 902 εἶναι
571 806 682 870 dixisse
711 803 948 891 probaverimus.
997 799 1028 862 ln
1057 794 1190 860 Pseudo·

184 928 333 1016 plutarchi
362 927 436 990 enim
472 924 547 987 libro
581 920 616 984 de
645 921 761 1004 plaeitis
789 914 1037 1004 philosophorum
1067 911 1190 996 legimus

183 1045 272 1107 haee:
305 1044 331 1104 1.
362 1063 386 1104 e.
412 1036 449 1104 ll
483 1041 537 1100 καὶ
560 1032 777 1117 Ἀριστοτέλης
804 1027 845 1095 τοὶ
874 1031 934 1112 μὲν
963 1026 1074 1112 πρῶτα
1103 1027 1192 1088 etam

183 1155 354 1239 ἀσώματα,
380 1149 421 1217 τοὶ
446 1151 483 1216 δὲ
506 1146 586 1214 ιιατοὶ
610 1143 748 1232 μιτοχῆν
770 1147 791 1232 ἢ
815 1139 895 1208 κατὰ
921 1135 1116 1227 συμβεβηκός
1137 1137 1191 1222 τῆς

185 1273 362 1354 σωματικῆς
383 1265 603 1340 ὑποστάσεως·
628 1260 702 1325 ὥστ’
718 1262 804 1326 atroce
824 1255 893 1324 τὸν
916 1257 1063 1338 κόσμον
1086 1253 1193 1340 ζῷον.
1261 1271 1266 1278 ·

98 1461 103 1468 p
166 1385 225 1449 =id.
242 1383 279 1460 V,
298 1383 340 1448 20
364 1379 431 1446 ἔστι
454 1383 656 1464 πραγματεία
668 1371 904 1460 Ἀριστοτέλους
927 1370 962 1435 ἓν
982 1365 1002 1460 ᾖ
1026 1366 1119 1455 [apud
1136 1366 1194 1432 Ga·

184 1501 298 1564 lenum:
321 1495 464 1561 Πλάτων
473 1490 493 1576 ¹)
516 1499 569 1558 uei
582 1490 812 1576 Ἀριστοτέλης,
836 1502 865 1554 et
881 1487 984 1553 eodem
1000 1484 1089 1550 modo
1106 1482 1193 1548 Stob.

187 1615 299 1698 eelogg.
323 1617 350 1678 1.
373 1634 397 1676 o.
415 1609 509 1675 XLVl
532 1631 561 1694 p.
576 1605 639 1671 756
656 1607 701 1671 ed.
719 1600 846 1682 Heeren]
861 1605 999 1682 τέσσαρα
1013 1604 1089 1682 γένη
1106 1593 1196 1685 ζηόων

187 1731 265 1812 φησί
279 1732 425 1806 χερσαία,
442 1719 571 1806 ἔνυδρα,
587 1713 703 1804 πτηνὰ,
721 1715 873 1800 οὐράνια·
891 1709 1023 1799 καὶγὰρ
1038 1708 1079 1776 τὰ
1094 1711 1196 1798 ἄστρα

188 1839 252 1926 ζῷα
275 1839 431 1917 λέγεσθαι
445 1838 509 1904 ,καὶ
530 1831 652 1917 κόσμον
675 1831 743 1915 [καὶ
764 1829 828 1896 τόν
849 1825 982 1916 γηίνων]
1007 1828 1087 1915 ζῷον
1107 1825 1196 1906 λογι-

187 1950 246 2018 aiv
268 1947 443 2018 ἀθάνατον
466 1947 535 2030 (καί
556 1946 618 2030 γὰρ
642 1942 682 2010 τό
705 1943 810 2030 ἄστρα
834 1945 899 2033 ζῷα
921 1947 1006 2010 ιίναι
1025 1950 1079 2007 καὶ
1095 1937 1196 2007 αὐτόν

186 2066 243 2132 τὸν
265 2063 387 2150 κόσμον
410 2064 492 2153 ζῷον
513 2058 644 2144 λογικόν
666 2055 880 2127 ἀθάνατον..
903 2060 984 2146 apud
1002 2059 1065 2124 Gal.
1073 2054 1106 2140 ¹).
1142 2058 1196 2120 His

187 2185 261 2248 loeis
284 2169 397 2246 collatis
421 2181 521 2265 paullo
544 2179 656 2242 firmius
681 2189 895 2264 argumentum,
921 2195 1009 2262 quam
1033 2171 1115 2260 quod
1137 2185 1196 2237 tam

188 2294 273 2358 laeile
301 2315 368 2357 eum
390 2291 529 2357 Krisehio
556 2294 611 2357 l.l.
635 2315 665 2378 p.
683 2290 744 2358 281
776 2293 906 2356 amoueri
935 2292 1044 2375 possit,
1075 2287 1198 2374 praebet

191 2407 325 2474 Clemens
355 2417 499 2492 protrept.
529 2413 562 2490 p:
580 2405 633 2470 44.
665 2411 718 2468 καὶ
742 2406 759 2470 ὅ
785 2429 821 2485 με
843 2405 896 2489 τῆς
919 2402 1069 2488 αἱρέσεως
1092 2399 1197 2490 πατὴρ

188 2519 243 2603 (se.
261 2519 491 2608 Ἀριστοτέλης)
518 2520 582 2584 τῶν
604 2517 691 2584 ὅλων
713 2513 753 2584 oti
776 2515 895 2605 νοήσας
917 2514 974 2583 τόν
996 2521 1120 2600 πατέρα
1141 2512 1199 2581 τόν

189 2677 401 2692 -ι--ῃ--ω

247 2768 266 2834 ¹)
290 2765 322 2818 el.
340 2757 384 2818 A'r.
405 2763 485 2816 achel.
504 2761 614 2817 470·ae
633 2772 658 2816 et
675 2763 740 2816 did·
752 2762 798 2828 13,
822 2764 866 2817 ulti
887 2763 931 2817 illa
951 2763 1064 2818 doctrina
1083 2761 1198 2818 Platonis

190 2877 223 2914 ax
240 2861 394 2915 Xenocratis
412 2860 481 2911 »vita
500 2857 632 2912 Platonis·
651 2860 751 2912 citatur.

248 2959 267 3024 ¹)
291 2959 374 3030 Magis
392 2959 515 3012 incertum
535 2973 591 3010 esse
605 2954 695 3024 judice
712 2954 889 3032 hune'loeum:
909 2955 1077 3027 Pseudoplut.
1093 2957 1123 3010 de
1136 2955 1199 3026 plac.

190 3053 252 3126 phil.
271 3062 292 3108 1.
312 3073 332 3106 ο.
346 3053 396 3108 Vll
416 3054 586 3128 Ἀριστοτέλης
608 3049 653 3106 τόν
669 3053 721 3124 μὲν
739 3053 860 3106 ἀνωτάτω
875 3054 951 3118 θεόν,
976 3055 1048 3113 aldea
1061 3055 1199 3130 χωριστόν,

190 3148 342 3220 έπιβέβηκός
366 3151 395 3224 τῇ
417 3155 520 3223 σφαίρᾳ
542 3149 586 3203 τοῦ
607 3150 711 3214 παντός,
740 3148 792 3216 ἥτις
815 3149 883 3204 ἐστὶν
907 3153 1027 3226 αἰθέριον
1054 3151 1143 3222 σῶμα,
1173 3147 1200 3204 τό

190 3249 305 3316 πέμπτον
321 3247 364 3301 ὑπ’
382 3249 458 3301 αὐτοῦ
476 3247 648 3317 καλούμενον.
676 3249 834 3318 όιηρημένοο
853 3247 882 3300 δέ
899 3247 984 3302 τούτου
998 3247 1063 3301 κατὰ
1075 3252 1200 3321 σφαίρας,

190 3343 219 3416 τῇ
240 3342 291 3412 μὲν
313 3343 390 3412 piosa
412 3346 553 3412 συναφεῖς,
576 3343 612 3412 τῷ
630 3343 701 3413 λόγῳ
719 3343 748 3396 dd
765 3346 972 3418 κεχωρισμένας,
996 3345 1105 3412 ἑκάστην
1123 3347 1202 3400 οἴεται

190 3439 242 3494 τόν
260 3440 383 3512 σφαιρῶν
401 3440 469 3508 ζῷον
486 3431 556 3492 Ιεἶναι
573 3441 696 3494 σύνθετον
714 3441 741 3494 lx
760 3440 878 3510 σώματος
894 3441 943 3494 καί
958 3442 1051 3511 ψυχῆς.
1080 3442 1112 3495 ef.
1126 3443 1201 3496 stet.

191 3536 240 3590 l.l.
259 3535 358 3609 ρ.486.
395 3537 463 3590 Haeo
487 3536 552 3588 enim
569 3535 648 3605 ‘verba
674 3553 704 3590 ex
729 3537 843 3592 conflatis
867 3538 934 3591 libre
952 3545 982 3594 A·
1009 3547 1033 3592 et
1050 3537 1101 3614 flio
1125 3541 1200 3595 tertio

192 3633 257 3688 libro
278 3634 308 3687 de
326 3632 489 3704 philosophia
506 3631 620 3704 prolecta
639 3650 695 3688 ease
713 3635 841 3688 videntur.
877 3635 1002 3689 Subtilem
1023 3642 1088 3691 certe
1108 3635 1203 3711 doale}

192 3749 249 3785 nam
268 3731 438 3801 sphaerarum
456 3732 501 3785 Ar.
525 3733 551 3785 in
575 3729 640 3783 libro
666 3731 697 3784 de
716 3732 878 3804 philosophia
901 3750 953 3785 non
972 3733 1084 3785 tradidit.
1114 3704 1201 3787 ldoles

195 3827 331 3882 Stobaeum
355 3827 435 3880 libros
454 3825 502 3881 »de
520 3828 607 3881 bono·
631 3847 682 3882 non
702 3829 757 3898 jam
777 3833 941 3904 cognovisse,
967 3830 1027 3898 qnia
1045 3828 1062 3882 l.
1075 3828 1092 3881 l.
1111 3846 1136 3899 p.
1149 3827 1202 3883 864

193 3925 333 3980 arctissime
351 3925 436 3980 verbis
449 3925 492 3979 aa.
512 3924 544 3979 de
562 3941 602 3979 an.
620 3933 653 3982 A.
671 3943 691 3980 e.
704 3925 730 3979 ll
749 3933 782 3980 se
796 3926 928 3997 applicuit,
947 3911 993 3982 nee
1013 3926 1152 3998 quidquam
1171 3943 1202 3983 ex

193 4019 307 4091 pleniore
327 4027 486 4096 expositione
504 4023 563 4080 libri
581 4024 631 4080 »de
650 4024 735 4079 bene·
755 4023 861 4080 addidit.
