2962 4770
696 473 856 484 ...ι-..ιαμ-

339 566 436 634 1078*
451 566 493 634 26
517 567 540 632 d
561 562 622 653 γὰρ
646 569 707 632 κᾶν
729 568 760 631 εἰ
779 565 823 652 μή
846 587 909 632 που
926 564 967 654 ἦν
981 563 1162 654 ἇὸιάιρετος
1175 561 1282 652 cinric*

269 707 326 767 χεν
355 678 457 772 αὐτῷ,
490 684 590 770 δῆλον
611 683 661 748 ὅτι
684 689 739 748 καὶ
762 682 840 748 ἄνευ
862 683 985 749 τούτων
1007 683 1170 765 ἐνδέχεται
1191 675 1282 770 αὐτῷ

269 800 425 890 ὑπάρχειν
452 798 488 867 td
519 796 668 866 δυνατόν.
707 769 838 866 Vobera
867 803 937 867 huic
965 802 1031 866 loco
1055 804 1143 866 insita
1166 801 1281 865 nudare

269 925 340 987 satis
370 920 481 996 habeo,
512 941 615 983 sanare
645 917 779 1004 despero.
820 919 919 1006 Atque
941 921 1068 1005 primum
1093 940 1279 1007 quaeramus,

270 1037 341 1126 quid
371 1036 427 1100 sub
455 1034 553 1100 verbis
581 1031 661 1100 ἄνευ
689 1031 813 1100 τούτων
834 1035 1056 1124 intelligendum
1087 1038 1135 1100 sit.
1175 1035 1280 1118 Quivis

270 1154 307 1219 ad
336 1153 489 1218 consilium
520 1152 729 1238 disputationis
759 1154 900 1216 attentior
924 1150 1132 1238 respondebit:
1162 1172 1282 1237 pracce-

270 1270 369 1336 dentia
391 1270 439 1334 illa
462 1263 543 1332 οὔθ’
566 1263 588 1358 ᾗ
608 1262 789 1351 ἅνθρωπος
813 1267 890 1332 οὔθ’
906 1261 926 1357 ᾗ
941 1264 1131 1353 ἀδιαίρετος.
1161 1268 1203 1333 At
1220 1269 1285 1332 duc

270 1397 441 1473 argumenta
477 1386 599 1449 alterum
634 1385 777 1448 infirmius
814 1385 936 1449 alterum
973 1387 1113 1448 invictum
1149 1385 1279 1450 obstant.

269 1501 343 1566 Nam
378 1521 444 1564 cum
472 1498 564 1563 verba
595 1502 649 1562 ista
681 1498 770 1562 modo
800 1500 887 1564 allata
918 1498 995 1563 οὔθ’
1031 1533 1065 1546 -·
1098 1491 1282 1584 ἀδιαίρετος

269 1619 428 1682 remotiore
452 1616 517 1680 loco
535 1617 643 1702 posita,
668 1628 756 1702 atquc
771 1614 858 1702 plena
874 1615 1063 1700 distinctione
1079 1614 1195 1682 divulsa
1210 1620 1280 1694 sint,

164 1817 169 1828 ι
197 1776 199 1778 -
269 1737 408 1822 proximo
441 1745 537 1798 autern
566 1732 631 1797 loco
661 1744 750 1819 atque
780 1731 855 1796 adeo
885 1734 914 1795 in
942 1732 1043 1796 eadem
1075 1735 1282 1797 enuntiatione

270 1850 333 1914 sola
368 1848 555 1912 indivisibilia
586 1847 713 1911 hominis
742 1859 848 1912 natura
882 1851 1071 1935 respiciatur,
1108 1869 1167 1912 non
1204 1847 1281 1913 ἄνευ

270 1963 391 2028 τούτων
414 1963 466 2028 sed
490 1962 568 2027 ἄνευ
590 1960 706 2028 τούτου
731 1969 834 2028 merito
859 1977 1059 2051 exspectatur.
1099 1963 1160 2029 Sed
1184 1979 1281 2029 exem-

270 2083 350 2171 plum
367 2080 498 2167 ejusdcm
515 2083 708 2144 inconstantis
724 2081 858 2146 licentiae
871 2083 899 2144 in
915 2093 1057 2168 promptu
1074 2093 1127 2159 est,
1149 2079 1282 2148 107822
1354 2121 1359 2126 ·

271 2195 328 2264 οὐκ
351 2199 381 2261 ti
403 2199 599 2282 συμβέβηκεν
622 2191 763 2282 αἰσθητοὶ
783 2197 865 2260 εἶναι
889 2189 935 2261 ὦν
950 2193 1016 2258 doti
1028 2241 1035 2257 .
1048 2241 1055 2258 .
1069 2241 1076 2259 .
1091 2190 1133 2261 oti
1150 2199 1214 2262 τῶν
1230 2199 1282 2262 αἶ-

272 2313 403 2398 σθητῶν
421 2311 548 2376 ἔσονται
571 2310 606 2375 eti
628 2316 855 2399 μαθηματικαὶ
870 2311 1048 2399 ἐπιστῆμαι.
1083 2313 1282 2381 Nihilominus

269 2431 362 2496 verba
391 2427 617 2508 ἄνευμούτων
641 2430 696 2495 hac
724 2434 839 2496 ratione
869 2431 1012 2518 explicari
1041 2446 1201 2519 nequeunt.
1248 2435 1280 2496 ln

271 2559 403 2613 extrema
432 2548 638 2612 enuntiatione
667 2547 739 2612 illud
769 2543 805 2611 td
836 2542 977 2612 dorcada
1005 2548 1130 2634 subjecti
1162 2570 1279 2613 munere

270 2665 352 2750 longi
377 2667 441 2749 ipsa
464 2674 614 2726 structura
638 2663 757 2726 abunde
781 2662 877 2727 docet.
912 2663 1022 2749 ltaque,
1047 2687 1084 2730 ne
1107 2669 1189 2753 prior
1210 2686 1276 2750 pars

271 2781 485 2843 enuntiationis
514 2799 639 2865 prorsus
664 2778 862 2856 discindatur,
895 2777 968 2842 illud
991 2781 1087 2866 ipsum
1112 2776 1210 2863 ὅμᾶρ
1233 2811 1274 2824 -

229 2875 232 2879 ’
270 2891 357 2981 αὐτῷ
372 2894 610 2960 subandiendum
627 2909 715 2984 atque
732 2899 773 2961 ita
790 2895 1020 2988 construendum
1037 2912 1096 2964 est:
1119 2897 1219 2983 δῆλον
1233 2893 1279 2960 ὅτι

270 3015 325 3076 toti
346 3006 428 3075 circo
448 3009 579 3088 τούτων,
603 3009 626 3074 ti
648 3013 710 3076 κᾶν
722 3013 760 3074 ἐἰ
778 3051 812 3063 -
836 3011 1001 3092 ἐνδέχεται
1023 3008 1111 3100 αὐτῷ
1126 3011 1282 3099 ὑπάρχειν

269 3125 304 3192 td
348 3128 496 3192 δυνατόν.
555 3129 619 3192 lam
660 3148 737 3213 quae
778 3127 951 3212 portentosa
992 3129 1092 3214 prodit
1125 3133 1280 3201 sententia,

270 3244 342 3332 quid
377 3245 499 3306 alienius
533 3242 570 3307 ab
601 3246 731 3307 auctoris
761 3245 905 3308 consilio?
944 3243 1003 3312 Sed
1033 3265 1108 3331 qnae
1137 3242 1281 3308 medicina

270 3357 416 3434 afferenda
442 3358 506 3424 esti
529 3360 768 3446 interpunctione
791 3357 915 3424 sortasse
931 3362 1029 3450 aliqua
1045 3373 1122 3426 cette
1145 3383 1182 3425 ex
1198 3369 1282 3446 parte

270 3488 420 3542 structura
445 3477 578 3562 expediri
602 3489 716 3562 potest,
747 3474 836 3538 modo
860 3477 932 3543 illud
958 3473 1100 3543 δυνατὸν,
1122 3477 1281 3542 mathema-

270 3597 356 3658 ticam
395 3591 564 3678 qualitatem
604 3591 839 3680 magnitudinum
879 3594 1056 3680 peculiarem
1092 3593 1281 3682 significaret.

270 3708 370 3796 Atque
393 3707 478 3772 Plato
508 3701 626 3794 quidem
655 3711 684 3771 in
709 3709 864 3774 Theaeteti
888 3717 912 3774 t.
926 3708 962 3772 V.
980 3709 1164 3773 subtiliorem
1189 3727 1283 3793 quan-

271 3824 336 3888 dam
361 3829 511 3910 potentiae
526 3827 585 3889 rim
610 3825 647 3890 ad
670 3825 762 3890 lineas
785 3827 954 3913 liguresque
978 3826 1087 3899 retulit,
1112 3842 1165 3885 nec
1184 3833 1281 3886 tamen

270 3961 423 4004 numerum
454 3941 587 4008 exclusit.
627 3940 723 4008 Multo
748 3943 914 4009 distinctius
937 3942 990 4007 Ar.
1008 3939 1198 4030 geometriam
1221 3961 1282 4008 non
