2962 4770
757 283 826 400 94,

701 421 862 435 *—

274 513 368 591 odert,
390 534 466 602 quae
484 511 672 580 necessitudo
691 515 768 578 inter
788 511 883 578 libros
899 515 994 578 MN.
1010 522 1040 576 et
1050 513 1093 574 A.
1114 508 1285 576 intercedat.
1325 561 1327 568 ,

272 633 373 719 Atque
389 630 445 696 hac
459 633 490 694 in
503 651 534 696 re
546 631 610 716 ipse
621 629 674 698 Ar.
687 628 776 695 nobis
786 630 942 705 succurrit,
959 630 1052 716 quiin
1064 627 1148 692 initio
1161 625 1286 692 tibrim.

275 750 400 833 exponit
428 745 517 812 hacc:
555 743 625 810 ἐπεὶ
654 737 731 830 (Γῆ
762 746 875 829 σκέψις
902 742 968 812 ἐστὶ
993 738 1287 829 Mercuriorum

273 858 364 947 παρὰ
392 856 451 935 τὰς
479 856 642 944 αἰσθητὰς
669 857 781 934 οὐσίας
809 852 957 944 ἀκίνητος
982 863 1037 922 aeui
1060 854 1166 932 ἀΐδιος
1187 858 1207 942 ἢ
1229 853 1288 922 οὐκ

148 965 154 972 ”
273 972 354 1053 dore,
376 981 430 1040 eui
452 976 482 1040 ei
502 972 569 1040 ἔστι
591 979 637 1051 τίς
652 973 734 1052 ἐστι,
758 975 918 1061 πρῶτον
933 971 974 1038 τὰ
990 969 1082 1057 παρὰ
1097 973 1161 1038 τῶν
1176 967 1288 1038 ἄλλων

273 1082 432 1174 λεγόμὲνα
454 1092 649 1175 θεωρητέον.
693 1093 747 1156 Ar.
771 1093 924 1178 igiturex
947 1111 1030 1156 more
1052 1111 1107 1154 suo
1132 1089 1288 1175 pollicetur

274 1229 306 1272 se
334 1209 459 1294 primum
489 1207 598 1292 piacita
623 1207 749 1272 aliorum
768 1207 1017 1294 pbilosophorum
1040 1206 1287 1282 examinaturum,

274 1322 379 1388 deinde
408 1325 502 1409 ipsius
531 1322 697 1388 doctrinam
727 1322 906 1389 traditurum
936 1345 1008 1386 csse.
1060 1321 1135 1386 Hinc
1165 1334 1289 1408 apparet

246 1459 250 1474 ⁴
273 1437 346 1502 illud
368 1437 497 1521 πρῶτον
505 1433 524 1520 “)
548 1437 586 1502 ad
608 1439 717 1502 nullam
741 1451 854 1524 partem
876 1439 1019 1503 librorum
1034 1441 1129 1502 ΜΝ.
1144 1450 1284 1524 spectare,

144 1579 150 1586 ·
274 1555 424 1640 aptissime
446 1564 546 1618 autem
560 1552 598 1618 ed
614 1576 662 1632 ca,
687 1576 763 1641 quac
778 1557 809 1618 in
824 1553 901 1620 libro
918 1556 961 1616 A.
975 1565 1148 1631 tractentur,
1173 1552 1283 1618 referri.

273 1673 316 1734 At
338 1669 415 1734 hanc
438 1672 628 1748 sententiam,
653 1674 700 1736 cui
724 1693 790 1736 cum
815 1670 863 1734 alii
887 1683 950 1734 tum
971 1662 1168 1749 Ravabson')
1188 1674 1288 1755 patro·

275 1787 364 1850 cincti
387 1797 465 1860 sunt,
490 1788 597 1851 acriter
619 1789 773 1872 impugnat
790 1778 983 1868 Runitzins'),
1007 1785 1116 1850 nuttam
1141 1783 1286 1869 ejusmodi

242 1964 247 1975 ,
274 1898 520 1964 necessitudinem
535 1904 612 1964 inter
628 1901 720 1966 libros
732 1906 826 1982 MN.
842 1914 871 1966 et
881 1904 926 1964 A.
940 1900 1120 1966 intercedere
1135 1900 1283 1976 dictitans.

273 2015 385 2080 Idcirco
408 2018 472 2101 ipse
495 2016 571 2080 hanc
593 2017 743 2102 spinosam
768 2020 969 2104 quaestionem
993 2017 1094 2081 subire
1111 2037 1170 2082 non
1187 2038 1286 2102 asper-

273 2131 378 2197 nabor.
426 2133 526 2219 Atque
548 2133 674 2218 primum
700 2133 854 2200 Bnnitzius
877 2131 1083 2208 Aristotelem,
1108 2135 1133 2198 si
1155 2132 1285 2196 Platoni·

274 2249 376 2312 corum
405 2247 722 2336 Pythagoreorumque
756 2249 873 2334 placitis
906 2271 978 2314 suae
1008 2247 1160 2314 doctrinae
1187 2259 1286 2334 partes

275 2383 427 2449 opponere
449 2362 606 2440 voluisset,
637 2364 724 2428 talem
754 2363 934 2441 doctrinam,
965 2364 1060 2452 qualis
1089 2367 1120 2453 in
1151 2364 1227 2430 libro
1248 2367 1284 2428 Z.

275 2477 437 2564 disceptata
453 2481 500 2555 sit,
521 2499 672 2567 opponere
689 2479 827 2546 debuisse
843 2493 951 2548 censet.
980 2481 1023 2546 At
1037 2457 1084 2544 vir
1100 2479 1283 2546 doctissimus

274 2596 389 2658 utinam
416 2596 596 2679 respexisset
625 2595 730 2673 verba,
762 2619 837 2682 quae
867 2598 907 2661 ilii
936 2595 1063 2678 πρῶτον
1092 2593 1282 2682 praecedunt:

275 2706 344 2772 dmi
367 2701 436 2792 d’i
461 2710 573 2796 σκέψις
595 2707 661 2774 ἐστὶ
682 2706 821 2797 πότερον
835 2709 901 2776 ἔστι
921 2735 968 2787 τις
982 2705 1073 2797 παρὰ
1089 2704 1145 2783 eds
1160 2707 1278 2791 αἰσθη-

275 2819 333 2898 τὰς
355 2819 466 2900 οὐσίας
488 2819 636 2908 ἀκίνητος
658 2830 713 2890 καὶ
735 2820 843 2901 didone
858 2873 866 2892 .
880 2873 909 2891 ..
942 2827 1049 2892 Nonne
1065 2828 1133 2892 binc
1148 2825 1211 2890 lucc
1226 2823 1282 2888 cia·

273 2942 336 3008 rius
358 2939 401 3014 fit,
425 2941 478 3005 Ar.
496 2963 558 3005 cam
582 2963 653 3018 suae
677 2942 828 3010 doctrinae
849 2955 962 3030 partem
979 2965 1132 3029 opponere
1148 2941 1284 3016 voluisse,

275 3053 326 3121 ubi
362 3053 398 3120 de
429 3057 558 3122 immotis
587 3079 622 3121 ac
650 3060 776 3122 aeternis
805 3058 978 3124 substantiis
1007 3056 1166 3145 ageretur?
1205 3043 1287 3120 Talis

276 3183 373 3236 autem
402 3169 537 3235 doctrina
560 3174 732 3259 neutiquam
756 3175 832 3238 inest
854 3196 907 3238 nee
931 3173 1008 3240 libro
1026 3178 1063 3240 Z.
1086 3195 1139 3238 ncc
1163 3170 1214 3236 ulli
1238 3171 1287 3234 alii

274 3285 351 3380 libro
380 3285 583 3372 metaphysica
608 3290 663 3354 nisi
687 3289 763 3354 libro
779 3292 822 3352 Λ.
845 3291 906 3354 uni.
953 3287 1019 3354 Sed
1038 3311 1098 3354 non
1122 3310 1204 3364 sum,
1235 3287 1286 3373 qui

203 3433 209 3440 ·
275 3400 332 3464 boe
347 3400 412 3466 solo
429 3415 603 3489 argumento
619 3417 776 3470 contentus
796 3407 860 3469 sim.
891 3405 983 3470 Arist.
1007 3407 1099 3490 igitur
1114 3407 1144 3468 in
1163 3402 1231 3468 libri
1246 3405 1287 3464 B.

229 3641 239 3652 ,
334 3589 353 3649 1)
375 3583 479 3660 πρῶτον
495 3601 615 3655 perverse
632 3586 706 3642 Alex.
724 3587 917 3658 interpretatur:
939 3588 1144 3663 πρρηγονμένως
1161 3585 1288 3656 ἐπιμελῶς

274 3702 298 3756 p.
312 3680 373 3750 698,
387 3680 420 3738 19
440 3684 479 3738 ed.
492 3684 564 3750 Bon.

332 3784 351 3850 ¹)
375 3779 393 3834 l.
406 3780 424 3835 l.
442 3800 467 3852 p.
483 3779 542 3836 1⁰0.

331 3882 351 3947 ⁸)
374 3878 484 3949 Metapb.
497 3875 532 3944 ΙΙ,
545 3874 588 3931 37.
