2962 4770
618 384 776 488 L

191 549 285 662 ρκδννς
305 565 438 656 τρόποςς
470 565 586 636 74114
608 565 644 647 δξ
667 563 852 647 ἀναγκαίων
875 559 941 652 δρα
965 558 1199 632 tetamento

192 686 403 772 συλλογισμόν
429 689 449 751 i.
472 709 496 754 e.
527 685 729 774 syllogismum
761 681 1039 758 demonstrativum,
1073 680 1109 746 de
1139 703 1199 770 quo

192 807 324 895 quaestio
355 805 490 870 instituta
519 813 580 879 este
611 798 689 866 981ἃ
710 799 729 862 2
758 797 927 880 τετύχηκεν
948 791 1031 861 edoce
1053 799 1125 880 trapi
1146 799 1201 882 τῆς

192 915 319 1005 φύσεως
345 911 365 1004 q‘
397 916 478 996 δόξα
508 919 527 981 i.
551 938 576 981 e.
600 915 673 980 haee
695 914 856 989 sententia,
886 933 1006 998 exque
1030 933 1130 978 omnes
1153 933 1200 978 res

194 1058 232 1102 ex
260 1057 335 1123 aqua
365 1032 562 1100 condensatae
591 1051 653 1095 esse
681 1028 826 1094 dicantur.
873 1025 933 1092 Nee
962 1027 1034 1092 male
1058 1026 1200 1092 articulus

191 1151 245 1216 hac
274 1152 434 1238 insigniore
457 1149 488 1212 vi
516 1148 677 1212 instructus
707 1147 748 1208 rei
777 1141 963 1230 praedicatae
993 1142 1126 1218 additur,
1158 1145 1201 1209 sic

194 1263 291 1332 1081·
313 1264 332 1327 7
362 1268 416 1329 καὶ
444 1256 502 1337 cole
525 1260 612 1336 ἰδέας
634 1255 692 1324 οὐκ
714 1257 877 1340 ἐνδέχεται
898 1259 982 1322 εἶναι
1002 1251 1078 1333 coele
1099 1253 1200 1342 ciped-
1331 1355 1336 1366 x

190 1379 271 1464 μοδς
295 1383 314 1444 i.
333 1401 357 1446 e.
382 1401 434 1444 eos
456 1398 603 1452 numeros,
629 1397 704 1464 quos
726 1375 870 1440 Platonici
894 1385 1071 1440 statuerunt.
1126 1372 1131 1392 '

260 1493 359 1560 10581
381 1491 431 1559 18.
470 1489 494 1577 ἢ
528 1491 575 1556 ὅτε
605 1489 725 1556 ἔνεπεν
752 1488 788 1554 ἒν
815 1493 860 1578 aqi
889 1488 973 1575 λόγῳ
1002 1487 1200 1568 δνανείενσιςς

191 1611 244 1674 καὶ
264 1603 328 1691 γδρ
349 1611 406 1674 τοῦ
427 1607 543 1673 λευκοῦ
558 1600 741 1692 dudeciaco
756 1609 810 1668 aul
824 1604 963 1686 μέλανος
978 1609 1087 1670 ἵππον.
1120 1605 1199 1688 Quid

183 1736 319 1788 extrema
335 1722 428 1786 verba
451 1725 505 1784 uoti
520 1759 554 1772 -
570 1725 670 1784 immo
693 1719 751 1782 hoo
774 1720 841 1783 loeo
865 1718 922 1783 sibi
938 1718 1038 1796 velint,
1064 1719 1200 1807 equidem
1274 1797 1276 1804 Α

191 1858 252 1902 non
274 1838 438 1922 perspiei03
468 1834 605 1922 gradatio
629 1846 723 1911 certo,
748 1855 824 1921 quae
847 1832 1080 1902 conformatione
1103 1857 1201 1923 gram-

128 2021 131 2026 ,
191 1954 295 2018 metica
319 1948 387 2030 (καὶ
407 1945 484 2035 γὰρ)
508 1949 664 2026 indicatur,
688 1950 767 2015 nullo
790 1961 843 2015 est.
879 1951 969 2014 Immo
985 1972 1057 2016 vero
1079 1951 1117 2016 ad
1133 1973 1201 2039 gra·

190 2070 256 2132 vius
287 2078 490 2154 argumentum
521 2066 690 2132 ascenderet
716 2069 828 2143 oratio,
860 2068 885 2130 si
908 2066 1021 2131 nullum
1045 2065 1200 2133 discrimen

190 2184 305 2260 caloris,
329 2195 363 2250 ut
385 2182 468 2271 qnod
491 2205 507 2246 a
531 2184 652 2248 materia
677 2181 812 2272 dueatur,
838 2193 1031 2266 spectaretur.
1075 2183 1200 2269 Aptiore

191 2296 316 2362 sortasse
339 2299 405 2362 loco
430 2297 477 2361 illa
494 2297 585 2362 verba
608 2309 679 2384 post
702 2293 733 2360 oi
755 2289 847 2388 lo'ym
862 2291 970 2362 αὐτῶν
985 2292 1026 2378 (v.
1046 2294 1099 2380 18)
1123 2298 1200 2386 lege-

190 2423 293 2477 rentur
303 2411 361 2476 hoc
377 2433 480 2476 sensu:
497 2433 564 2476 narn
577 2424 606 2476 et
617 2412 676 2476 albi
688 2413 815 2476 hominis
827 2426 857 2477 et
867 2413 944 2498 nigri
957 2415 1034 2499 equi,
1052 2427 1086 2479 ut
1101 2436 1199 2478 rerum

190 2527 371 2613 singularum
395 2524 521 2606 (τωνδὶ)
544 2547 607 2590 esse
630 2537 758 2612 possunt
780 2521 832 2606 (se.
850 2521 881 2590 oi
903 2523 1015 2607 λόγον),
1039 2528 1200 2613 inquibus

155 2658 159 2666 ·
190 2655 291 2728 aperta
314 2643 445 2708 materiei
465 2644 654 2707 -nimirum
684 2641 790 2706 coloris
812 2679 846 2692 -
866 2640 1028 2708 differentia
1052 2655 1198 2710 cernatur.

259 2755 357 2822 107l³
383 2755 432 2822 18.
469 2751 601 2820 πάντων
630 2751 669 2840 δὴ
704 2754 827 2839 πρῶται
862 2752 961 2841 ἀρχαὶ
991 2749 1036 2833 εδ,
1057 2754 1200 2844 ἐνεργείᾳ
1266 2795 1272 2809 ·

191 2873 320 2954 πρῶτον
341 2870 425 2944 τοδί,
456 2872 511 2930 καὶ
532 2864 615 2933 ἄλλο
639 2868 656 2932 δ
682 2866 826 2951 δυνάμει.
867 2867 974 2932 ἐκεῖνα
996 2874 1055 2952 μὲν
1078 2866 1138 2935 οὖν
1159 2867 1198 2936 ool

192 2979 343 3050 καθόλου
365 2979 424 3048 οὐκ
447 2980 540 3048 ἔστιν.
573 2981 648 3048 Cum
665 2986 823 3059 sententia,
849 3004 924 3070 quae
940 2986 1084 3071 particula
1101 2985 1139 3050 et
1153 2987 1200 3052 vel
1269 3055 1271 3062 ,

189 3101 275 3166 simili
300 3098 425 3187 quadarn
450 3099 519 3164 huie
543 3096 649 3164 δκετνα
672 3099 731 3182 μὲν
747 3144 755 3161 .
769 3143 798 3161 ..
815 3121 853 3164 ex
876 3104 1024 3166 contrario
1045 3115 1129 3189 parte
1145 3123 1200 3188 po·

190 3228 286 3291 natur,
310 3237 370 3280 non
394 3215 604 3302 subsequatur,
629 3227 778 3280 structura
801 3216 886 3282 valdo
909 3217 1064 3284 claudicat.
1111 3217 1200 3282 Prae-

74 3329 79 3334 ’
191 3342 270 3396 terea
293 3350 353 3392 non
368 3329 466 3407 video,
492 3329 642 3414 quomodo
667 3330 758 3395 altera
781 3335 924 3396 sententia
944 3328 1076 3398 πάντων
1094 3327 1132 3417 δὴ
1235 3377 1237 3382 -

190 3467 228 3510 ex
257 3443 442 3530 praecedenti
474 3439 520 3506 ἔτι
543 3481 576 3494 -
596 3443 634 3508 orl
664 3445 799 3511 concludi
829 3449 939 3533 possit,
969 3460 1003 3512 ut
1033 3469 1108 3534 quae
1134 3451 1199 3534 ipsa

192 3561 403 3647 explicatione¹
422 3570 451 3623 et
483 3557 704 3626 confirmatione
738 3560 877 3649 indigeat.
929 3563 1030 3650 ltaque
1064 3565 1201 3648 suspicor
1229 3594 1234 3601 ·

132 3664 138 3672 ¹
190 3677 378 3763 transpositis
395 3677 546 3740 sententiis
562 3676 604 3738 sio
620 3675 773 3761 legendum
790 3699 867 3742 esse:
891 3675 996 3742 δκετνα
1010 3679 1069 3761 μὲν
1084 3673 1144 3744 οὖν
1157 3674 1198 3741 eei

191 3787 340 3856 καθόλου
367 3783 427 3856 οὐκ
456 3787 536 3866 ἔστι,
565 3785 699 3856 πάντων
720 3790 761 3855 dd
785 3795 910 3876 πρῶται
931 3789 1030 3877 δρχαὶ
1051 3786 1087 3856 εδ
1111 3790 1200 3876 ἔνερ-

192 3906 264 3985 yelqt
284 3911 411 3992 πρῶτον
432 3904 519 3988 todi,
544 3908 599 3974 eal
620 3900 706 3972 ἄλλο
729 3906 748 3973 δ
773 3904 916 3992 δυνάμει.
