2962 4770
696 309 856 458 a

269 549 336 616 τοϊς
358 542 418 625 μὲν
440 534 493 622 (se.
513 537 723 624 δηλουμένοις
736 532 767 620 ¹),
791 539 874 626 quad
892 537 976 604 iaeile
992 561 1031 604 ex
1046 543 1178 628 sequenti
1194 540 1280 628 λόγῳ

156 709 159 718 ,
270 654 469 739 subauditur)
497 655 622 721 ἐνέσται
645 655 663 720 ὁ
685 657 750 720 τόν
771 652 927 720 τοιούτων
948 660 1055 744 μεροῖν
1077 652 1185 736 λόγος,
1213 667 1281 733 τοῖς

270 771 302 838 δ’
325 771 364 839 ori
399 774 453 838 δεῖ
482 772 611 838 instaur.
663 774 727 838 Hoe
757 776 783 836 si
812 776 878 860 quis
906 777 1004 838 ‘minus
1033 773 1220 861 probaverit,
1255 775 1302 838 is·
1386 819 1389 826 -
1470 775 1471 798 ¹

270 893 502 979 transpositione
531 890 609 954 saeta
639 891 732 976 legat:
754 888 882 972 ,διόπερ
911 883 987 954 οὐδ’
1006 889 1043 954 δυ
1070 900 1137 966 τοῖς
1164 887 1280 968 λόγοις,

268 1003 312 1071 ἄν
334 1002 377 1091 μὴ
401 1004 422 1097 ᾗ
444 1006 501 1070 τοῦ
526 1005 786 1091 συνειλημμένον.
831 1005 896 1070 τῶν
917 1010 977 1089 μὲν
999 1001 1142 1071 osirin..

338 1121 439 1188 10272
464 1122 514 1187 13.
559 1121 640 1186 ὥστε
668 1121 688 1208 ἢ
716 1122 777 1208 ὕλη
806 1120 896 1185 ἔσται
924 1123 1012 1186 αἰτία
1039 1115 1058 1206 ἢ
1088 1121 1281 1207 ἐνδεχομένη

223 1207 233 1224 ι
268 1233 359 1324 παρὰ
394 1234 430 1302 τό
467 1236 509 1313 ὡς
543 1237 596 1302 irai
630 1235 666 1302 τό
701 1234 785 1302 πολι)
820 1237 927 1312 ἄλλως
954 1238 1012 1302 τοῦ
1039 1238 1282 1322 συμβεβηκότος.

268 1355 348 1419 Haeo
371 1354 462 1420 verba
491 1377 557 1420 eum
587 1359 638 1431 iis,
670 1377 746 1443 quae
775 1359 806 1419 iu
835 1378 899 1442 cap.
922 1355 959 1418 III
987 1368 1119 1420 extremo
1143 1355 1283 1440 leguntur

272 1468 372 1535 1027b
390 1470 431 1535 14
456 1467 550 1533 »ἀλλ’
568 1471 613 1548 εἰς
628 1466 734 1554 α’ρχῆν
749 1476 848 1536 umiae
862 1476 916 1535 arai
934 1474 1041 1536 airaon
1054 1480 1152 1535 amtor
1165 1467 1184 1554 ἢ
1199 1467 1282 1534 ἄνοι-

268 1581 355 1670 γωγη
384 1581 404 1670 ἢ
432 1586 577 1670 τοιαύτη,
607 1581 744 1673 πότερον
770 1581 814 1662 τός
837 1588 880 1661 εἷς
902 1583 985 1672 όλην
1006 1589 1027 1671 ἢ
1049 1584 1093 1660 ὡς
1114 1587 1160 1662 εἷς
1182 1583 1219 1650 τό
1244 1579 1279 1652 οὗ

269 1703 363 1766 ἕνεκα
385 1703 405 1788 ἢ
422 1698 464 1776 ὡς
484 1702 532 1777 εἰς
547 1697 583 1766 τδ
600 1702 741 1787 κινῆσαν,
757 1698 906 1786 ,μάλιστα
921 1705 1094 1768 σκετττέυν(
1116 1725 1282 1790 repugnare

270 1818 400 1881 Bonitzii
423 1839 546 1882 acumen
570 1822 680 1905 optime
702 1815 895 1906 perspexit').
931 1819 1010 1884 Idem
1027 1822 1072 1883 vir
1093 1819 1280 1886 doctissimus

270 1932 413 2020 quasdam
438 1935 626 2019 quaestiones
656 1934 692 1998 de
723 1939 820 2000 causis
849 1934 1040 2018 fortuitarum
1068 1957 1166 2000 rerum
1190 1938 1281 2000 movit

269 2071 329 2114 non
354 2047 472 2136 quidem
497 2050 693 2136 spernendas,
719 2072 793 2138 quas
809 2063 906 2116 tarueu
923 2053 1051 2138 probare
1066 2074 1190 2140 nequeo.
1224 2053 1281 2116 At·

269 2187 341 2252 que,
366 2179 401 2230 ut
423 2189 440 2230 a
465 2170 560 2253 eapite
584 2170 851 2254 reiauspieemnr,
881 2168 1020 2234 extremis
1044 2170 1160 2254 capili
1181 2167 1279 2232 verbis

269 2283 323 2345 Ar.
348 2282 433 2345 dicit:
458 2283 609 2368 quodnam
634 2282 672 2347 ad
695 2305 851 2349 causarum
875 2307 968 2370 geum
991 2284 1040 2350 itta
1063 2288 1152 2350 series
1176 2283 1282 2348 fortui-

268 2410 366 2464 tarum
389 2417 546 2462 causarum
569 2398 738 2464 reducenda
761 2404 814 2478 sit,
840 2403 967 2466 maxime
986 2423 1049 2466 esso
1065 2401 1297 2488 quaerendum3'

268 2517 298 2578 in
322 2516 423 2601 priore
446 2518 521 2579 enim
546 2519 652 2603 eapitis
675 2530 759 2604 parte
779 2519 831 2582 Ar.
857 2531 1051 2606 exposuerat,
1075 2517 1223 2604 quomodo
1247 2519 1277 2578 iu

269 2631 358 2696 rebus
382 2631 513 2696 fortuitis
537 2631 575 2695 ab
593 2634 651 2697 alia
669 2655 758 2697 eausa
774 2638 803 2697 in
821 2635 905 2698 aliam
921 2633 1158 2722 proponeremus,
1182 2629 1279 2696 donee

269 2746 307 2810 ad
337 2767 417 2821 eam,
454 2747 539 2830 eujus
569 2747 647 2811 nniia
678 2771 767 2813 eausa
795 2753 1021 2837 praecessisset,
1050 2751 1273 2838 perveniremus.

271 2863 414 2947 Quamvis
443 2845 535 2950 igitur
563 2879 724 2930 extremam
754 2888 873 2932 eausam
903 2869 975 2933 nulli
1005 2888 1159 2932 causamn
1182 2864 1278 2952 generi

269 2963 325 3066 per
339 3001 370 3042 se
390 2980 542 3045 inhaerere
559 2980 698 3047 Bonitzio
715 2983 884 3070 largiamur,
901 2986 931 3046 in
948 2997 1057 3048 eertum
1074 2997 1171 3048 tamen
1187 2999 1280 3068 genus

269 3093 372 3160 referri
397 3095 493 3162 debet.
531 3097 645 3163 Etenim
666 3111 764 3162 utrum
782 3122 858 3187 quae
881 3119 970 3162 eausa
993 3097 1031 3160 ad
1054 3101 1219 3173 materiam,
1245 3117 1281 3160 an

235 3279 239 3291 η
269 3212 307 3276 ad
337 3211 475 3287 formam,
504 3234 540 3275 au
572 3212 610 3277 ad
639 3228 751 3280 motum
781 3213 924 3280 trahenda
953 3215 1005 3289 sit,
1035 3233 1096 3276 uon
1126 3233 1163 3275 ex
1193 3231 1282 3276 causa

269 3326 473 3414 praecedenti,
498 3327 551 3394 sed
575 3353 612 3396 ex
635 3352 667 3397 re
690 3332 792 3397 effecta
816 3327 1011 3412 dijudicatum
1041 3327 1161 3394 effectae
1184 3340 1281 3392 autem

226 3451 232 3460 '
268 3447 310 3509 rei
346 3444 443 3509 iocum
471 3444 520 3510 hie
549 3458 630 3513 tenet
658 3451 781 3514 alterum
810 3446 974 3512 membrum
1002 3449 1087 3514 seriei
1117 3463 1279 3511 causarum.

327 3628 346 3695 1)
370 3625 402 3680 n.
423 3625 504 3682 man
515 3627 557 3684 16.

326 3723 346 3793 ’)
369 3725 438 3780 Haec
461 3727 629 3799 repugnantia
653 3728 679 3778 in
702 3725 768 3780 libro
786 3736 822 3782 K.
842 3747 862 3782 e.
873 3725 939 3782 VIII
964 3730 1055 3782 evitata
1074 3736 1127 3812 est3
1152 3727 1197 3779 aed
1217 3743 1281 3799 quo-

267 3823 344 3877 modo
365 3823 517 3877 Brandislns
537 3822 616 3890 (Berl.
629 3823 709 3878 Atat.
722 3823 757 3880 34
775 3845 800 3897 p.
815 3825 861 3894 71)
880 3827 943 3879 hauc
961 3828 1041 3898 ipsam
1061 3841 1113 3879 rem
1132 3822 1197 3874 libro
1211 3829 1237 3876 Ε
1255 3825 1281 3876 iu

267 3917 389 3976 virtutem
407 3929 505 3975 vertere
524 3903 651 3992 potueiit,
670 3923 697 3979 id
716 3941 776 3980 sane
793 3927 895 3979 mirum.
