2962 4770
686 447 846 462 --——-·=r

263 537 363 627 mima
383 535 457 606 erud
479 538 568 622 μίαν.
613 539 645 602 lo
669 537 736 602 libri
760 545 798 602 Ε.
820 561 884 625 cap.
900 537 928 613 l,
958 534 1041 624 qnod
1064 535 1101 602 ad
1123 541 1275 624 quaestio-

261 679 343 734 nem,
373 655 524 744 quomodo
554 655 622 719 libri
649 655 843 741 metaphysici
867 653 1045 718 cohaereant
1066 654 1114 718 vel
1136 657 1271 732 maxime,

261 796 308 838 mc
325 772 442 858 judice,
470 771 673 838 attentendum
697 783 757 844 est,
780 773 881 856 priore
902 783 988 857 parte
1009 770 1063 836 dr.
1086 772 1145 836 tria
1165 793 1275 857 genera

177 899 186 908 '
262 890 491 955 theoretiearum
506 887 729 973 disciplinarum
743 887 987 963 mathematicam,
1008 887 1173 974 physicam,
1188 887 1276 954 theo·

260 1006 370 1091 logiam
400 1006 569 1070 acutissime
598 1002 791 1078 distinxerat,
822 1017 852 1068 et
879 1003 1046 1088 theologiae
1075 1006 1140 1068 sire
1164 1005 1275 1088 primae

261 1120 473 1232 philosophiae
500 1120 744 1204 disceptationem
771 1119 808 1183 de
831 1121 958 1212 primis
957 1121 1086 1182 immotis
1110 1130 1199 1204 atque
1220 1141 1276 1204 per

262 1259 294 1302 se
318 1236 516 1302 existentibus
537 1234 712 1301 substantiis
732 1235 943 1300 vindicaverat.
979 1217 1064 1298 Nunc
1087 1256 1127 1298 ex
1147 1235 1274 1312 ratione,

262 1374 339 1440 quac
367 1355 445 1416 iuter
474 1353 686 1416 arithmeticam
709 1364 740 1416 et
762 1351 916 1416 inferiores
938 1351 1160 1416 mathematicae
1182 1352 1276 1417 seien-

261 1471 321 1533 tiae
350 1481 450 1552 partes
480 1468 658 1544 intercedat,
687 1471 812 1552 primam
841 1467 1066 1552 philosophiam
1093 1466 1215 1532 eandem
1239 1467 1276 1533 de

153 1663 159 1670 ἱ
263 1597 345 1659 ente,
371 1605 430 1671 qua
453 1606 515 1660 ens,
539 1583 580 1648 ob
602 1583 635 1648 id
657 1586 771 1670 ipsum,
796 1585 866 1670 quia
881 1585 975 1668 prima
991 1584 1031 1647 sit
1045 1579 1277 1660 (nuicoddlno

263 1698 365 1774 οὕτως
387 1698 438 1764 ὅτι
458 1699 568 1784 πρώτη
592 1724 619 1766 v.
638 1698 711 1780 30),
735 1721 822 1786 agere
844 1698 898 1764 dr.
923 1711 1154 1785 argumentatur.
1195 1689 1283 1764 Haeo'

255 1819 409 1902 ¹sententia
432 1819 457 1878 si
480 1816 609 1900 probata
632 1819 701 1890 erit,
730 1818 900 1901 praeposita
922 1813 1016 1878 verba
1038 1815 1184 1900 particula
1207 1837 1275 1880 cau·

146 1949 150 1956 ’
263 1931 318 1994 sali
346 1925 409 2012 reip
438 1952 555 1994 annexa
581 1951 620 1994 ex
643 1953 678 1994 eo
703 1931 786 2008 loco,
817 1952 905 2014 quem
929 1953 1008 1994 nune
1030 1943 1164 2006 teneant,
1193 1952 1273 1996 amo·

263 2044 360 2112 venda
383 2068 447 2110 esse
469 2045 635 2132 apparebit
671 2044 745 2110 Nam
768 2067 806 2110 ne
828 2046 888 2110 ulla
910 2045 1029 2131 quidem
1044 2069 1092 2112 res
1107 2050 1191 2123 inest,
1214 2067 1273 2131 qua

263 2163 442 2250 praecedens
471 2165 615 2226 sententia
645 2161 843 2226 confirmetur.
889 2161 992 2249 ltaque
1020 2165 1074 2226 vix
1102 2163 1167 2227 ulla
1186 2159 1272 2226 dubi-

262 2281 338 2344 tatio
367 2280 494 2364 relinqui
517 2291 632 2363 potest,
663 2280 735 2363 quin
759 2279 832 2342 haec
854 2277 946 2342 verba
968 2291 1072 2363 postea
1096 2278 1213 2344 demum
1234 2276 1273 2344 ab

264 2395 317 2458 Ar.
342 2393 382 2458 ad
410 2405 541 2458 extrema
571 2393 676 2478 eapitis
700 2391 793 2458 verba
823 2395 898 2456 »sul
924 2389 1077 2458 nuenton
1104 2392 1205 2468 οὕτως
1226 2389 1277 2458 ὅτι

263 2509 393 2594 πρώτη(
423 2511 453 2574 iu
477 2511 610 2596 margine
633 2507 748 2593 adjecta
770 2531 836 2574 osse
860 2531 1040 2576 censeamus.
1073 2509 1105 2574 ld
1129 2513 1203 2574 enim
1216 2509 1271 2570 Ar.

262 2626 310 2690 his
332 2624 433 2690 verbis
463 2623 595 2688 indicare
616 2623 747 2688 voluisse
771 2625 903 2689 videtur:
933 2625 997 2690 dixi
1025 2628 1145 2713 primatu
1174 2622 1273 2708 pbilo-

264 2739 415 2824 sophiam,
439 2749 473 2800 ut
496 2739 636 2824 primam,
662 2739 856 2806 universalem
875 2762 954 2806 esse:
978 2741 1063 2808 facile
1077 2742 1154 2806 enim
1168 2739 1268 2824 aliquis

265 2853 404 2920 dubitare
426 2866 543 2940 potest,
566 2876 636 2918 num
661 2858 700 2920 sit
722 2857 818 2943 prima
831 2859 1023 2946 philosophia
1039 2855 1268 2924 universalis...

262 2971 365 3056 Atque
393 2971 418 3032 si
448 2972 515 3056 quis
544 2993 591 3034 me
619 2993 762 3036 nauseare
792 2977 958 3040 etiamnunc
988 2965 1102 3050 censet,
1135 2975 1161 3037 is
1189 2970 1275 3036 adeat

264 3085 316 3152 llb.
333 3090 371 3150 K.
393 3108 456 3174 cap.
475 3086 527 3150 Vll
550 3099 712 3152 extremam
735 3102 847 3174 partem
873 3087 973 3154 10641
987 3086 1106 3152 3-14,
1128 3088 1274 3152 Ananim

262 3202 370 3279 verba,
402 3201 571 3287 dequibus
596 3207 764 3289 quaeritur,
794 3210 825 3269 in
848 3205 978 3288 margine
1001 3201 1070 3266 libri
1089 3205 1127 3264 Ε.
1150 3201 1274 3286 adjecta,
1365 3288 1368 3294 ι
1470 3209 1471 3290 ζ

264 3319 293 3380 in
318 3315 396 3380 libro
418 3321 456 3380 K.
478 3315 615 3382 breviore
638 3320 756 3407 quidem
781 3320 833 3384 sed
856 3318 949 3385 multo
972 3319 1172 3384 limatiorem
1196 3317 1277 3382 ordi·

263 3454 329 3498 nem
354 3432 564 3521 disputationis
588 3435 715 3522 redegit.
738 3436 803 3498 Hoc
822 3456 888 3503 eum
905 3437 958 3502 Ar.
976 3435 1072 3502 lacere
1087 3437 1185 3511 vellet,
1209 3455 1274 3498 oum

263 3545 408 3616 verbis'
386 3549 578 3636 απορήσειεν
600 3552 643 3616 ἂν
670 3571 748 3615 nova
772 3532 983 3637 disputationis
1011 3574 1081 3638 pars
1108 3544 1275 3636 incipienda

169 3683 170 3688 ¹
264 3663 330 3729 luit.
369 3665 502 3754 Explosu
527 3669 619 3754 igitur
641 3665 788 3751 particula
810 3668 921 3736 eausuli
944 3662 1007 3753 γὰρ
1031 3667 1188 3734 substituit
1208 3684 1292 3751 pao·

263 3780 382 3846 tieulam
407 3780 452 3846 δέ.

333 3894 433 3962 1035
451 3891 503 3958 21.
529 3853 642 3980 deindo
665 3887 739 3962 οὐδ’
756 3896 792 3964 ἐν
814 3907 880 3972 autc
901 3895 1020 3978 λόγοις.
1056 3899 1121 3960 τῶν
1141 3895 1203 3977 μὲν
1216 3885 1277 3960 miv
