2910 4778
610 461 617 474 ἱ

181 558 267 626 quern
290 535 434 604 nihildum
457 534 494 605 de
517 535 573 602 hae
596 557 627 600 re
651 533 834 620 disputatum
858 535 904 610 sit,
932 533 980 602 ilia
1003 533 1138 620 exempla
1159 536 1191 598 in

57 627 67 638 ’
181 664 310 739 quatuor
332 665 441 736 genera
472 649 576 714 eadere
606 649 836 725 demonstraret,
867 647 957 735 idque
987 649 1065 740 nulia
1096 649 1191 714 subti-

104 814 114 820 -
177 767 251 832 liore
274 767 529 852 argumentatione
556 765 667 830 addita.
714 765 775 830 Sed
798 767 822 828 si
846 765 980 850 exempla
1002 766 1083 852 ipsa,
1114 786 1190 852 quae

179 881 231 947 Ar.
250 881 307 946 hoe
330 882 397 947 loeo
414 881 507 958 affert,
533 881 818 967 perlustraverimus‚
843 903 922 946 nova
942 879 1085 968 quaedam
1104 879 1198 946 auteax

179 1019 240 1062 non
263 1011 422 1062 memorata
447 996 547 1063 addita
571 1019 633 1062 esse
650 996 816 1060 videbimus
840 992 892 1074 (soi
911 1006 1052 1076 στοιχεῖα
1070 993 1203 1072 στλλαε

178 1111 254 1192 fluia,
276 1112 355 1195 πῦρ,
377 1116 431 1198 γῆ,
456 1106 588 1196 ἰατρός).
623 1112 724 1198 itaque
747 1112 900 1178 lectionem
919 1111 986 1179 eod.
1002 1111 1044 1176 Ab
1058 1109 1190 1175 ἅπαντα

178 1222 287 1290 καὶτὰ
302 1226 362 1294 νῦν
377 1227 528 1314 εἰρημένα
542 1223 689 1313 (exempla
713 1250 777 1292 eum
796 1229 894 1294 omnia
909 1240 971 1296 tum
989 1240 1073 1292 antea
1090 1224 1189 1307 allata)

179 1363 277 1408 veram
301 1361 365 1416 esse
388 1343 476 1408 duco.
511 1342 571 1406 Sed
595 1343 652 1406 alin
677 1364 796 1431 quoque
820 1342 925 1407 mendo
949 1344 1021 1406 haee
1037 1341 1129 1408 verba
1145 1344 1189 1404 in·

179 1459 300 1542 quinata
324 1480 387 1522 esse
409 1459 478 1523 mihi
503 1458 649 1523 videntur.
694 1458 714 1520 li
740 1463 816 1523 enim
840 1453 966 1541 τρόποι,
997 1460 1047 1545 qui
1073 1456 1120 1520 hie
1144 1479 1189 1520 re·

178 1586 347 1649 censentur,
377 1572 452 1638 inira
475 1574 630 1660 speciebus
648 1587 858 1660 opponuntur,
884 1597 959 1660 quae
976 1573 1078 1638 eodem
1095 1571 1188 1636 verbo

186 1687 335 1772 »spurcaet
357 1687 600 1754 denotanturnee
616 1689 717 1754 addito
731 1689 877 1773 adjectivo
899 1663 1182 1770 »ἧττοώηριτνερώι

179 1823 196 1866 a
210 1803 362 1887 prioribus
377 1797 507 1886 τρόποις
523 1803 756 1888 distinguuntur,
785 1827 813 1868 v.
832 1801 874 1866 28
898 1798 937 1864 τὰ
952 1806 1011 1886 μὲν
1027 1797 1086 1866 οὖν
1101 1804 1189 1866 αἴτια

177 1915 280 1980 ταῦτα
302 1920 358 1980 καὶ
378 1917 511 1982 τοιαῦτά
533 1916 598 1981 ἔστι
620 1920 665 2005 aqi
688 1918 779 1994 eides,
803 1918 915 2003 τρόποι
939 1918 975 1981 δὲ
998 1917 1061 1982 τών
1077 1917 1189 1982 αἰτίων

177 2026 310 2118 ἀριθμῷ
330 2035 391 2116 μέν
409 2033 470 2096 εἰσι
492 2031 617 2099 πολλοί.
652 2033 835 2122 Quamquam
859 2037 952 2121 igitur
976 2058 1076 2100 omnes
1100 2035 1186 2100 codd.

176 2148 369 2235 metaphysiei
393 2162 422 2214 et
438 2150 618 2216 Themistius
635 2148 864 2237 simpliciusque
888 2150 924 2212 ad
944 2151 1031 2235 phys.
1050 2151 1083 2212 Β.
1103 2173 1127 2213 o.
1143 2149 1187 2214 llt.

176 2261 331 2326 lectionem
358 2263 532 2346 »τρόπους1
561 2268 592 2328 in
609 2267 707 2351 priore
724 2266 790 2330 iuno
808 2276 938 2340 tuentur,
965 2266 1063 2330 neseio
1080 2277 1186 2344 tamen,

178 2395 214 2438 au
238 2395 303 2440 oum
324 2383 577 2462 praestantissimo
595 2380 660 2444 cod.
678 2382 803 2468 physico
821 2387 850 2444 E
864 2395 892 2446 et
908 2382 954 2445 hie
972 2393 1000 2446 et
1015 2382 1072 2446 iilic
1090 2382 1189 2469 legen·

178 2489 248 2558 dum
264 2493 303 2556 sit
326 2485 490 2567 »admoves
527 2493 654 2568 Τόπους
670 2497 698 2560 iu
716 2497 815 2581 piures
832 2496 936 2558 modos
960 2496 1072 2560 divisos
1096 2497 1188 2562 habes
1285 2545 1293 2551 -

175 2620 239 2695 top.
257 2607 291 2672 Ζ.
316 2629 341 2674 o.
358 2609 389 2674 11.
425 2608 582 2674 Praeterea
605 2611 768 2676 notandum
788 2624 840 2688 est,
865 2610 939 2675 duas
956 2612 1187 2688 mundationes,

177 2747 252 2812 quae
275 2738 378 2790 nostro
402 2726 431 2788 in
457 2730 551 2811 eapite
576 2725 726 2792 adduntur
741 2751 795 2794 nee
818 2729 848 2790 in
873 2727 955 2792 libris
980 2727 1112 2813 physicis
1136 2749 1188 2792 ex·

176 2853 264 2914 stant,
285 2842 475 2926 explicationi
491 2841 728 2922 praecedentium
745 2842 904 2906 verborum
920 2843 1077 2907 inservire:
1097 2841 1151 2906 14ἃ
1167 2842 1187 2908 3

177 2950 225 3015 dar
253 2948 511 3026 &Heluetiorum
534 2950 726 3036 ἅνθρωπος,
751 2953 768 3019 ὁ
793 2956 829 3019 δὲ
852 2949 1032 3040 ἄνθρωπος
1055 2954 1136 3043 ζῷον
1160 2972 1189 3022 et

178 3065 233 3132 14·
248 3065 267 3134 6
284 3065 368 3134 ἀλλά
385 3064 428 3153 μη
444 3068 545 3152 μόνον
561 3066 778 3144 Πολύκλειτος
793 3071 812 3154 ἢ
828 3068 1017 3156 ἄνθρωπος.
1047 3072 1185 3137 Attamen

177 3207 213 3250 ex
238 3197 295 3250 tam
312 3189 423 3250 ineerta
444 3208 475 3251 re
499 3189 620 3276 gravius
642 3187 803 3274 quidquam
820 3187 956 3272 colligere
972 3208 1032 3250 non
1048 3179 1185 3252 auserim⁸

246 3297 343 3364 1014¹³
359 3298 408 3366 18.
434 3299 479 3364 ἔτι
502 3300 620 3388 tuere
644 3304 763 3388 κίνησις
778 3299 796 3388 ἢ
813 3301 921 3386 πρώτη
938 3301 972 3366 ἓν
988 3299 1109 3390 ἑκάστῳ
1125 3302 1188 3368 τών
1298 3361 1299 3366 ,

177 3408 272 3498 φύσει
295 3410 397 3478 ὄντων
418 3413 452 3478 ἐν
468 3411 554 3502 αὐτῷ
576 3410 595 3506 ᾗ
618 3414 696 3482 αὐτὸ
721 3414 866 3501 ὑπάρχει.
900 3417 990 3502 Fugit
1013 3419 1186 3504 interpretes

176 3526 381 3596 Alexandrum
415 3531 444 3596 in
480 3542 565 3594 textu
600 3531 737 3597 habuisse
768 3529 786 3616 ἢ
816 3531 923 3617 πρώτη
952 3533 973 3618 ἢ
1001 3531 1037 3597 ἓν
1065 3530 1186 3620 ἑκάστῳ

176 3641 273 3726 (οὕτω
290 3643 328 3710 δὲ
347 3647 396 3732 εἴη
420 3646 462 3712 ἄν
476 3639 512 3710 τὸ
537 3645 556 3730 ἢ
579 3642 762 3732 ἕξηγητικόν
777 3647 834 3714 τοῦ
848 3643 957 3735 πρώτη
973 3645 1083 3731 Aion),
1108 3648 1187 3716 unde

175 3764 382 3849 interpositum
406 3785 569 3850 pronomen
593 3758 660 3846 ἥτις
684 3763 830 3829 desiderat
853 3777 881 3830 et
904 3777 996 3830 totam
1013 3768 1187 3830 sententiam

178 3873 343 3965 detorquet.
390 3879 451 3948 Sed
481 3902 540 3945 uno
571 3880 654 3965 apice
682 3892 795 3944 mutato
824 3881 887 3968 lege
917 3878 1001 3944 <idea
1024 3872 1043 3963 ἧ
1068 3882 1187 3966 κίνησις

973 3987 1020 4046 aa
