2962 4770
700 469 850 478 —-—..

267 585 365 627 rerum
389 561 612 627 accidentalium
635 584 740 627 causas
763 562 902 652 lomnitas
924 584 988 626 csso
1010 562 1114 628 iisdem
1138 563 1197 630 iere
1212 587 1280 632 ver-

266 679 314 744 bis
337 675 388 759 (ci.
406 679 463 744 272
481 678 522 744 12
546 694 581 745 et
597 695 610 725 ²
627 677 683 761 31)
706 683 838 766 repetitis
860 681 994 765 legimus.
1030 681 1185 747 Praeterea
1206 705 1279 748 con-

268 796 444 860 clusionem:
479 797 565 860 »fieri
588 796 700 882 aliquid
722 817 777 882 per
799 796 955 860 accidens«
985 797 1034 861 bis
1057 802 1210 885 repetitam
1233 803 1280 864 in·

266 915 401 976 venimus
425 912 481 976 272
498 909 605 976 8-11
632 924 661 976 ct
684 910 739 976 27ἃ
758 908 875 986 16,17.
907 911 1006 976 Verba
1029 913 1156 1001 denique
1177 911 1281 1000 ἀρχὴν

268 1028 305 1092 δὲ
326 1027 417 1112 τηνδὶ
439 1027 578 1112 Ιηπεέον
600 1031 711 1116 optime
734 1031 764 1090 iu
785 1027 883 1092 fronte
905 1028 1163 1095 demonstrationis
1181 1045 1282 1098 esseut

265 1148 380 1230 posita,
411 1119 508 1208 minus
533 1159 601 1232 apte
623 1146 723 1209 finitae
746 1147 995 1232 argumentationi
1018 1123 1178 1212 adduntur.
1224 1148 1279 1214 llis

265 1261 357 1326 rebus
381 1261 518 1326 omnibus
542 1262 736 1326 consideratis
760 1284 798 1326 ex
821 1265 1028 1326 contaminatis
1045 1265 1169 1350 geminis
1185 1285 1282 1350 expo·

267 1377 426 1442 sitionibus
455 1378 509 1442 bas
537 1378 642 1443 turbas
671 1381 815 1444 excitatas
839 1401 904 1443 esse
925 1378 1011 1444 valde
1034 1379 1189 1444 verisimile
1216 1401 1281 1447 esse

258 1491 395 1584 uidetur.

335 1605 434 1672 10412
451 1607 505 1673 28.
534 1613 629 1673 eorico
659 1606 690 1673 δ’
706 1608 771 1673 ἐστὶ
799 1605 835 1673 τὸ
859 1613 890 1672 τί
915 1606 956 1695 ἦν
977 1610 1076 1686 εἶναι,
1105 1607 1149 1685 ὥς
1177 1611 1281 1678 nimir

265 1724 408 1803 λογικῶς.
454 1724 566 1812 Spuria
589 1728 661 1790 haec
684 1726 775 1792 verba
798 1749 862 1792 csse
885 1726 972 1792 Alex.
997 1739 1027 1791 et
1048 1725 1200 1815 Scbwegl.
1225 1728 1279 1794 dn-

266 1853 401 1904 cnerunt.
447 1839 602 1905 Bonitzius
625 1843 713 1906 Alex.
737 1847 768 1906 iu
791 1842 856 1906 obs.
881 1867 911 1929 p.
930 1839 993 1906 130
1016 1841 1223 1930 adstipulatus,
1246 1849 1276 1909 in

266 2093 332 2134 nom
361 2070 584 2136 substantialem
614 2075 753 2159 restringi
785 2093 875 2160 posse
903 2072 1051 2150 concedo,
1089 2079 1132 2140 sic
1160 2098 1276 2142 cansam

265 2188 403 2252 movendi
428 2184 478 2268 (ed
495 2192 527 2252 cl
540 2188 662 2274 ἐκίνησε
677 2187 819 2273 πρῶτον)
835 2187 1007 2276 obstrepere
1022 2193 1180 2259 contendo.
1213 2191 1274 2258 Noc

264 2304 358 2367 forma
388 2305 508 2368 artificis
538 2318 634 2369 moute
665 2319 822 2392 concepta,
857 2305 909 2370 sed
938 2306 1046 2373 artilex
1074 2311 1137 2397 ipse
1165 2321 1274 2376 movet

263 2421 365 2506 ltaque
388 2422 562 2484 sententiam
583 2420 701 2485 illorum
717 2421 878 2487 verborum
893 2424 1063 2490 Aristotelis
1080 2425 1198 2514 quidem
1212 2427 1277 2513 pla·

265 2539 330 2601 citis
360 2536 596 2614 accomodatam,
628 2537 681 2624 sed
709 2560 775 2602 cum
803 2544 938 2627 sequenti
967 2545 1170 2608 enuntiatione
1191 2541 1274 2604 haud

167 1984 172 1990 ·
266 1955 395 2018 editione
419 1954 599 2020 obluctatur.
646 1960 747 2044 Atque
777 1971 811 2021 ut
839 1979 956 2022 causam
979 1957 1094 2024 finalem
1119 1960 1156 2024 ad
1180 1963 1278 2026 notio·
1307 2039 1310 2043 g

264 2676 414 2740 quaquam
437 2654 621 2718 conciliatam
646 2675 709 2717 esse
726 2675 840 2718 censeo.
877 2656 956 2738 Quid
971 2661 1063 2745 igitur
1077 2634 1269 2744 probabilius,
1375 2667 1378 2672 '

265 2789 353 2855 quam
377 2769 428 2832 Ar.
459 2768 508 2831 illa
531 2768 623 2832 verba
651 2767 749 2834 obiter
776 2772 806 2834 in
835 2776 967 2860 margine
990 2775 1145 2861 adjecisse,
1172 2790 1268 2836 curam

264 2897 361 2950 autem
385 2867 566 2972 adjectarum
590 2899 728 2950 notarum
753 2907 819 2952 cum
842 2894 939 2976 primo
962 2904 1046 2956 textu
1070 2890 1272 2978 conglutinan-

265 2999 369 3064 darum
392 3004 421 3064 in
446 2999 578 3066 futurum
602 3014 718 3088 tempus
741 3005 931 3091 seposuisse?
1231 2981 1234 2987 Ι

170 3096 176 3102 ’
333 3112 432 3179 10471)
447 3115 477 3180 3.
501 3118 531 3180 εἰ
545 3114 575 3181 d‘
592 3116 656 3180 ἐστὶ
670 3112 706 3180 ed
722 3117 890 3204 εἰρημένον
901 3113 1072 3206 durando&
1085 3114 1274 3195 ἀκολουθεῖ,

263 3227 409 3315 φανερὸν
431 3227 482 3292 ὅτι
509 3227 567 3293 οὐκ
595 3229 757 3314 ἐνδέχεται
786 3232 910 3318 ἀληθὲς
936 3233 1021 3298 εἶναι
1043 3227 1080 3294 vd
1101 3232 1203 3296 nimiu
1226 3233 1276 3298 iias

265 3339 406 3408 δυνατὸν
419 3348 479 3427 μὲν
493 3345 573 3424 rodi,
596 3343 653 3412 oria
674 3347 762 3414 ἔσται
778 3349 823 3412 δέ.
849 3347 924 3412 Cum
940 3324 1042 3414 bacin
1058 3351 1274 3414 enuntiationis

263 3459 496 3527 conformatione
520 3468 686 3530 necessario
710 3460 746 3528 ad
770 3463 938 3550 εἰρημένον
961 3467 1103 3550 subjecti,
1133 3459 1275 3532 δυνατὸν

263 3577 425 3663 praedicati
447 3593 546 3666 partes
569 3569 751 3655 sustineant,
776 3581 947 3669 ambiguum
971 3594 1030 3658 est,
1054 3581 1127 3668 quid
1147 3585 1186 3647 sit
1201 3576 1274 3645 illud

263 3693 437 3779 εἰρημένον.
470 3696 545 3761 Nam
567 3719 629 3760 non
651 3715 753 3772 unum,
778 3697 830 3762 sed
846 3698 991 3784 permulta
1011 3698 1145 3784 exempla
1167 3687 1275 3784 poten·

262 3812 319 3875 tiae
352 3814 383 3876 in
416 3815 517 3899 priore
548 3813 642 3895 capite
677 3809 764 3876 allata
794 3827 873 3880 sunt.
919 3812 982 3881 Nec
1012 3816 1131 3880 omnino
1161 3823 1275 3881 certum

262 3928 438 4013 exemplum,
462 3924 514 3988 sed
537 3925 680 4011 generalis
704 3933 848 3997 sententia
871 3943 1070 4016 exspectatur.
1106 3925 1192 3994 Unde
1216 3927 1272 3992 hoc

1470 3559 1471 3570 t

1470 3601 1471 3610 i

1308 3651 1316 3663 .
