2910 4778
680 322 839 426 A

251 535 372 602 magnas
390 507 495 577 turbas
519 511 662 584 excitent,
693 527 746 572 nec
769 507 894 572 multum
918 506 1056 595 dignitati
1079 507 1189 574 codicis
1213 509 1265 576 de·

250 631 385 707 trahant3
416 629 458 692 sic
487 623 626 692 9841211
659 626 837 688 τουτέστι
863 619 922 709 τὴν
949 619 1117 710 ποιητικὴν
1142 625 1264 692 τούτων

252 741 288 812 εὖ
304 743 459 826 ἔχεινκαὶ
474 739 581 814 καλῶς
605 739 671 804 add.
689 740 744 815 Ab,
765 737 864 804 l009³
877 737 920 804 26
936 743 1142 806 τουτέστιν
1158 741 1197 806 ὄν
1211 745 1264 810 eat

250 857 294 946 pal
318 856 366 936 ὅν,
392 856 490 923 1023ἃ
505 855 545 921 21
571 851 673 930 ἄτλας
697 851 727 919 d*
745 848 888 940 ου’ροινόν
911 848 1007 938 stipala
1023 853 1089 935 ἔχει
1112 859 1264 946 κρατερῆς

250 973 307 1042 ὑπ’
320 972 461 1060 ἀνάγκης
473 971 540 1037 add.
551 972 605 1047 Ab,
622 968 721 1035 1012b
737 968 776 1035 17
792 970 830 1036 ὅν
841 984 940 1056 φησιν
948 965 1046 1046 αὐτὸς
1057 973 1143 1038 εἶναι
1153 970 1265 1060 ἀληθῆ

252 1089 371 1165 ἐκεῖνός
388 1104 466 1176 φησι
479 1083 522 1173 μή
539 1089 623 1150 εἶναι
638 1081 750 1172 ἀληθῆ
766 1086 833 1152 add.
848 1086 897 1151 Ab·
927 1085 1071 1152 Graviore
1087 1109 1158 1154 sane
1172 1093 1264 1154 inter-

250 1208 402 1294 polatione
432 1207 463 1269 hi
491 1204 548 1268 loci
578 1203 729 1268 laborant:
766 1201 844 1268 994³
866 1201 909 1266 22
932 1203 953 1287 ἢ
975 1201 1017 1266 Ab
1037 1203 1103 1268 loco
1132 1199 1176 1290 aaa}
1191 1199 1212 1288 ¹)
1236 1219 1265 1272 et

254 1321 353 1387 1008ἃ
368 1321 409 1387 22
432 1319 595 1403 βαδίσειεν
617 1320 703 1384 Alex.
728 1318 807 1382 Asel.
831 1316 956 1402 νοήσεις
971 1319 1028 1396 Al,
1054 1342 1141 1408 quam
1164 1322 1262 1386 teatio.

252 1458 317 1502 nem
349 1450 378 1502 et
405 1440 498 1524 ipsam
530 1459 568 1500 ex
597 1435 772 1524 glossemate
795 1437 948 1520 irrepsisse
982 1449 1130 1502 structura
1157 1457 1257 1521 parum

253 1556 428 1619 concinnata
453 1565 560 1616 monet.
608 1550 668 1616 Sed
691 1552 867 1637 paucissima
892 1565 963 1616 sunt
986 1553 1125 1639 exempla,
1150 1549 1256 1640 quibus

253 1669 319 1735 cod.
334 1668 375 1733 Al
389 1668 598 1756 interpolatum
615 1689 677 1732 csse
693 1680 773 1732 certa
788 1671 903 1734 ratione
915 1669 1082 1734 confirmari
1090 1668 1190 1755 possit,
1207 1687 1260 1731 nec

254 1809 297 1863 ea,
315 1805 390 1872 quae
401 1785 556 1848 Bonitzius
572 1777 742 1865 laudavit¹l‚
761 1785 859 1848 omnia
875 1786 934 1849 huc
948 1785 1093 1850 trahenda
1103 1797 1181 1861 sunt,
1198 1805 1264 1849 cum

253 1902 311 1966 alia
335 1923 371 1966 ex
395 1902 482 1988 lapsu
497 1901 613 1977 calami,
640 1901 696 1964 alia
712 1922 750 1966 ex
767 1900 885 1966 diversa
901 1903 1070 1966 recensione
1086 1903 1178 1987 repeti
1194 1921 1263 1986 pos·

253 2020 322 2095 sint,
339 2021 368 2081 in
386 2017 449 2082 aliis
465 2017 592 2104 danique
605 2029 773 2104 quaeratur,
790 2019 993 2082 num'omnino
1007 2019 1066 2082 sint
1075 2015 1262 2102 interpolata.

318 2134 384 2200 Jam
414 2133 522 2198 affatim
550 2132 678 2198 indolem
708 2133 773 2200 cod.
798 2135 839 2199 Ab
859 2137 1041 2198 examinasse
1069 2145 1103 2196 et
1133 2131 1264 2198 debitum

252 2250 396 2313 honorem
429 2253 456 2314 ei
490 2248 653 2314 reddidisse
688 2251 757 2315 mihi
793 2250 904 2315 videor.
962 2248 1081 2334 Duplici
1118 2250 1194 2312 enim
1230 2247 1266 2314 de

254 2387 341 2431 causa
369 2367 468 2452 magni
496 2367 520 2428 is
550 2365 646 2430 codex
675 2365 872 2433 aestimandus
896 2377 961 2440 est:
1003 2367 1146 2451 primum,
1184 2364 1265 2452 quod

253 2482 373 2546 alteram
395 2483 594 2546 recensionem
618 2482 705 2547 nobis
721 2486 859 2557 servavit,
886 2481 1001 2558 deinde,
1027 2483 1096 2568 quia
1112 2503 1150 2544 ex
1165 2499 1263 2544 exem·

251 2599 328 2686 plari
357 2599 515 2684 purissimo
547 2610 576 2662 et
610 2600 800 2687 integerrimo
831 2599 987 2662 emanavit.
1040 2596 1136 2662 lllulto
1171 2598 1264 2684 magis

189 2690 192 2696 ’
253 2725 350 2777 autem
367 2715 491 2777 virtutes
515 2713 603 2798 hujus
628 2714 738 2780 codicis
760 2713 916 2778 illustrabo
933 2715 1115 2801 singulorum
1131 2713 1264 2778 locorum

251 2831 438 2905 tractatione,
462 2827 500 2893 ad
524 2850 611 2917 quam
636 2830 851 2896 dissertationis
875 2843 989 2918 partem
1013 2831 1083 2894 mihi
1108 2831 1170 2915 jam
1194 2851 1265 2918 pro·

253 2944 414 3009 cedendum
438 2957 491 3008 est.
528 2945 627 3033 Atque
650 2947 707 3012 hoc
732 2967 851 3011 munere
875 2949 916 3009 ita
939 2944 1055 3034 fungar,
1079 2959 1113 3011 ut
1136 2950 1264 3035 primum

253 3060 385 3126 ordinem
416 3060 559 3126 librorum
593 3061 863 3148 metaphysicorum
892 3074 1011 3127 secutus
1041 3063 1124 3127 locos
1154 3065 1264 3150 promi·

253 3197 340 3242 sonos
369 3179 517 3262 corrigere
547 3189 637 3264 atque
666 3175 820 3242 emendare
849 3177 999 3256 studeam,
1031 3179 1136 3245 deinde
1163 3201 1263 3244 omnes

253 3313 304 3356 eos
327 3291 419 3366 locos,
445 3293 496 3378 qui
520 3291 556 3359 ad
581 3292 727 3380 duplicem
750 3295 951 3370 recensionem
973 3307 1115 3382 spectent,
1141 3319 1179 3361 ex
1195 3318 1265 3361 con-

252 3409 335 3473 tinua
358 3409 431 3473 serie
455 3429 624 3496 persequar.
656 3411 694 3475 Hi
719 3413 795 3476 enim
818 3411 876 3475 loci
892 3414 970 3477 viam
993 3413 1063 3476 mihi
1078 3413 1263 3500 ,patefacient

311 3592 330 3655 ¹)
355 3587 451 3642 Caveat
470 3597 567 3655 tamen,
592 3592 775 3648 aelectionem
794 3612 826 3649 ex
843 3599 961 3669 ignorato
980 3597 1032 3649 isto
1052 3597 1136 3651 minus
1156 3597 1265 3652 solemni

252 3702 302 3740 usu
320 3683 457 3758 particulae
476 3687 546 3760 »μῆι
564 3689 740 3762 interpolatam
760 3709 816 3746 esse
834 3703 924 3764 putes;
943 3692 1031 3748 eadem
1049 3697 1116 3750 enim
1127 3696 1166 3751 vis
1185 3694 1264 3763 hujus

252 3783 389 3854 particulae
407 3801 422 3838 a
440 3785 496 3840 cod.
511 3784 547 3840 Al
559 3795 659 3841 servata
678 3799 717 3844 est
736 3789 871 3846 lucebat.

310 3881 331 3950 ⁸)
354 3883 466 3954 Metaph.
474 3884 495 3939 1.
513 3883 592 3955 praei.
605 3884 679 3941 XVI.
