2910 4778
596 375 939 496 A..

173 576 237 641 dem
265 576 487 662 interpretatio,
520 597 607 662 quam
636 588 796 663 praeeunte
825 574 996 640 Alexandro
1025 575 1181 642 Bonitzius

171 692 207 758 de
235 691 358 757 unitatis
387 694 589 779 essentiaeque
619 692 758 755 societate
785 713 838 756 nec
862 695 891 755 in
915 695 1104 779 generatione
1127 713 1181 757 nec

171 811 200 872 in
231 811 350 873 interitu
380 821 469 895 rupta
497 812 710 894 interpretatus
739 810 884 884 instituit,
915 809 986 872 mihi
1010 812 1180 895 neutiquam

169 922 326 1009 probatur.
372 923 446 988 Nam
476 946 541 989 cum
576 928 604 987 in
634 924 806 1010 separandis
835 924 924 989 rebus
955 927 1074 1011 utrique
1104 927 1181 1009 parti

171 1059 297 1125 acquum
317 1040 368 1123 jus
391 1039 581 1104 tribuendum
605 1042 659 1115 sit,
684 1061 737 1106 nec
761 1041 850 1104 altera
875 1062 920 1105 res
945 1044 1006 1105 sine
1031 1040 1120 1105 altera
1139 1038 1183 1102 di·

171 1155 237 1218 veili
259 1157 370 1240 possit,
396 1155 482 1242 quid,
507 1176 626 1243 quaeso,
649 1157 783 1242 putidius
807 1159 982 1244 inertiusque
999 1154 1067 1221 addi
1085 1159 1183 1242 potuit

174 1291 262 1358 quam
290 1263 410 1351 ὁμοίως
438 1271 551 1334 oreae
575 1271 706 1336 draisod
731 1268 824 1346 ἑνός.9
854 1273 916 1338 Hac
932 1256 976 1337 ¹de
1000 1293 1086 1337 causa
1112 1271 1183 1334 mihi

172 1393 292 1452 constat¹
318 1386 355 1450 ed
384 1385 578 1472 χωρίζεσθαι
606 1391 769 1476 genitivum
793 1383 944 1472 ἀλλήλων
968 1389 1099 1476 suppleri
1121 1407 1183 1450 non

136 1570 140 1577 ,
172 1523 277 1590 posse3
309 1502 361 1567 sed
385 1523 450 1567 cum
475 1503 555 1570 aliud
579 1505 651 1592 quid
674 1503 805 1590 suppleri
830 1518 971 1591 nequeat,
1001 1527 1061 1568 non
1083 1503 1181 1578 video,

174 1618 325 1704 quomodo
349 1619 436 1684 lectio
458 1620 576 1708 vulgata
602 1619 718 1686 defendi
742 1623 847 1707 possit.
881 1619 988 1706 Spreta
1011 1623 1103 1706 igitur
1118 1619 1183 1682 vul·

174 1747 242 1817 gata
266 1734 302 1798 ed
326 1736 479 1800 lectionem
505 1735 684 1800 deteriorum
708 1736 794 1801 codd.
813 1735 952 1797 Horo
974 1731 1033 1813 οὐχ
1048 1727 1184 1816 ὁρίζεται

176 1849 323 1936 coniugio.
368 1849 428 1916 Sed
453 1873 488 1915 ne
512 1851 567 1915 hac
591 1851 708 1938 quidem
733 1875 765 1916 re
789 1851 910 1916 multum
935 1850 1092 1926 lucramur,
1117 1871 1182 1914 cum

169 1969 318 2051 quaestio,
344 1988 402 2053 quo
426 1980 515 2053 pecto
533 1967 625 2032 verba
648 1967 822 2054 explicanda
839 1969 914 2042 sint,
940 1987 999 2030 non
1018 1964 1183 2029 minoribus

175 2079 397 2147 difficultatibus
432 2085 545 2148 irretita
579 2085 627 2147 sit.
675 2084 775 2170 Atque
809 2083 892 2147 facilc
923 2085 969 2146 cui
999 2085 1028 2145 in
1059 2094 1183 2145 mentem

174 2200 274 2260 venire
301 2210 415 2283 potest,
445 2199 671 2264 reconditiorcm
697 2199 845 2285 quandam
869 2197 1063 2263 Aristoteleae
1087 2197 1185 2283 philo·

177 2311 299 2394 sophiae
322 2325 451 2395 partem,
477 2337 515 2378 ex
539 2337 596 2401 qua
621 2327 650 2380 et
672 2317 855 2402 generationi
880 2328 909 2379 et
932 2315 1116 2400 corruptioni
1140 2335 1184 2378 es·

177 2427 270 2488 sentia
304 2425 447 2511 quaedam
478 2427 627 2492 substrata
656 2433 694 2496 sit
707 2424 742 2511 ¹),
779 2431 837 2494 huc
873 2430 1059 2508 trahendam,
1097 2442 1185 2516 atque

174 2540 253 2605 hunc
276 2561 394 2605 sensum
419 2563 456 2606 ex
479 2545 588 2606 nostris
608 2543 706 2608 verbis
731 2545 903 2610 eliciendum
927 2568 1004 2610 esse:
1029 2567 1123 2631 neque
1148 2567 1185 2609 ex

175 2661 380 2744 generatione,
414 2681 509 2746 neque
539 2681 575 2724 ex
605 2664 796 2746 corruptione
827 2665 951 2727 essentia
982 2661 1100 2726 exclusa
1130 2673 1184 2725 est.

174 2773 215 2838 At
243 2796 308 2840 cum
338 2795 398 2838 rem
429 2789 559 2861 apertam
589 2781 718 2863 proponi
745 2782 938 2865 praemissum
969 2776 1107 2862 »optor«
1140 2780 1186 2842 in-

176 2888 267 2966 dicet,
299 2911 354 2953 nec
377 2890 468 2954 verba
498 2890 580 2955 iaciie
609 2895 639 2954 in
668 2894 747 2958 hunc
777 2916 895 2959 sensum
924 2894 1093 2982 detorqueri
1117 2916 1185 2981 pos·

176 3005 248 3082 sint,
274 3005 358 3070 eliam
376 3008 452 3070 viam
477 3006 636 3094 ingredior.
677 3007 818 3097 Singulae
834 3033 890 3088 res,
916 3033 980 3076 cum
996 3013 1186 3098 generatione

174 3133 377 3204 procreentur,
402 3125 521 3189 interitu
547 3139 740 3203 evanescent,
766 3139 898 3212 tempore
922 3129 998 3191 inter
1020 3129 1186 3214 generatio·

175 3255 241 3298 nem
270 3250 298 3299 et
333 3241 481 3304 interitum
511 3241 710 3306 intercedente
740 3263 803 3306 esse
828 3245 897 3328 jure
928 3243 1082 3320 dicuutur;
1117 3242 1185 3307 idco

176 3342 212 3408 cd
236 3348 274 3409 ὃν
302 3371 396 3434 neque
425 3357 455 3414 iu
485 3361 673 3438 generatione
703 3378 799 3445 neque
829 3364 857 3422 in
887 3361 1007 3423 interitu
1037 3359 1185 3436 definitur,

176 3461 227 3526 sed
250 3465 379 3549 spatium
404 3467 480 3528 inter
502 3466 557 3531 hos
580 3477 720 3538 terminos
744 3474 888 3539 inclusum
913 3477 1053 3561 proprius
1075 3477 1186 3538 entium

176 3599 296 3666 campus
327 3591 380 3644 cst.
427 3579 536 3646 Eadem
567 3589 680 3653 ratione
705 3591 803 3677 aliqua
827 3613 873 3656 res
898 3613 956 3655 una
981 3614 1044 3655 esse
1068 3590 1185 3667 dicitur,

176 3699 200 3759 si
219 3697 281 3781 jam
306 3719 344 3760 ex
367 3697 479 3762 incerto
503 3703 701 3786 generationis
725 3729 868 3792 processu
890 3709 1045 3772 incertam
1063 3705 1186 3771 sormam

178 3812 314 3890 exculta,
339 3813 463 3879 necdum
488 3815 525 3880 ad
548 3819 743 3904 privationem
767 3823 878 3889 formae
901 3824 1019 3890 redacta
1043 3835 1095 3888 est.
1141 3859 1144 3865 ·

176 3922 389 3937 ᾖ·-

237 3967 256 4034 1)
282 3967 314 4023 er.
332 3977 362 4025 r.
381 3989 402 4026 a.
412 3972 445 4038 v,
465 3969 545 4028 toto·
556 3972 678 4032 15-23.
785 3965 788 3970 ’
