2910 4778
732 396 774 460 tu

252 575 349 658 λάβοι
366 573 465 662 μόρια
484 579 537 639 καὶ
552 569 592 637 aci
608 579 663 659 τῆς
677 574 784 662 ψυχῆς
799 574 958 662 πάρεγγυς
973 570 1075 661 ἄμφω
1091 574 1262 654 γίγνεσθαι

253 692 332 757 ὄντα
355 696 409 755 καὶ
431 689 608 770 ἐντελεχείᾳ
630 694 684 752 καὶ
708 690 857 774 δυνάμει,
880 695 923 779 τῷ
946 686 1050 775 ἇρχᾶς
1073 688 1157 771 ἔχειν
1173 686 1262 777 κινή-

254 824 332 882 σεως
354 804 421 872 ἀπό
442 828 528 881 τινος
551 805 587 871 ἒν
609 816 679 880 ταῖς
701 818 852 891 καμπαῖς.
888 807 962 874 Cum
987 821 1074 873 antea
1095 810 1125 870 in
1142 809 1262 872 uuiver-

253 947 317 989 sum
354 923 399 988 dc'
424 923 591 987 animalium
626 923 762 1009 partibus
798 921 911 1008 (μόρια
938 923 1003 988 ταῖν
1032 920 1121 1012 ζῴων
1148 921 1206 987 4οδ
1228 919 1261 1003 6)

255 1042 435 1137 quaesitum,
466 1061 573 1104 novem
606 1051 702 1103 autem
734 1060 795 1104 rem
826 1039 924 1106 alierri
948 1040 1100 1126 particulis
1122 1037 1262 1122 μάλιστα

255 1154 291 1219 δὲ
314 1155 476 1220 indicatum
500 1159 598 1231 essct‚'
617 1153 826 1241 Schweglerus
843 1158 992 1220 verissime
1014 1150 1055 1217 cci
1073 1153 1137 1218 τῶν
1153 1151 1263 1241 ἐμψύ-

252 1293 319 1350 χων
342 1271 411 1338 ierri
440 1293 498 1335 non
525 1292 611 1357 posse
635 1273 803 1357 perspexit,
835 1274 974 1357 quoniam
998 1273 1081 1335 notio
1106 1268 1263 1357 ἐμψύχων
1377 1298 1381 1303 ·

254 1389 404 1451 notionem
430 1385 518 1472 ζῴων
542 1399 657 1472 aequat.
694 1384 754 1450 Sed
777 1385 920 1450 infelicem
944 1400 974 1451 et
996 1387 1177 1452 temerariam
1199 1385 1262 1468 ejus

254 1503 453 1586 conjecturam
481 1498 662 1582 ωέντόμωνα
694 1501 784 1566 verba
809 1483 962 1589 sequentia
990 1513 1186 1586 aspernantur
1209 1494 1261 1564 διὸ

253 1613 324 1680 ἔνια
349 1615 474 1703 ζῷα...
497 1615 571 1680 Nam
596 1637 634 1680 cx
656 1616 817 1680 hisverbis
842 1630 976 1702 apertum
999 1617 1047 1693 fic,
1074 1629 1184 1681 certum
1200 1619 1263 1680 ani-

254 1733 370 1797 malium
396 1753 490 1818 genus
514 1731 645 1795 noudum
670 1735 850 1796 nominatum
875 1755 947 1797 esse.
993 1734 1095 1819 ltaque
1118 1753 1262 1818 quaenam

254 1846 302 1910 illa
331 1847 465 1910 animalia
494 1849 567 1921 sint,
604 1869 663 1911 non
693 1861 793 1934 aperte
823 1849 1053 1934 pronunciatum
1083 1846 1134 1911 sed
1162 1849 1261 1934 paullo
1315 1838 1317 1846 ¹

255 1961 411 2026 obscurius
442 1960 649 2025 adumbratum
680 1985 743 2026 esse
772 1961 869 2026 debet.
915 1963 980 2026 lam
1009 1965 1166 2049 quominus
1195 1981 1260 2027 cum

150 2143 152 2148 ,
255 2077 391 2142 Bonitzio
421 2099 455 2141 ac
479 2076 672 2165 Schweglero
702 2072 741 2140 cci
773 2078 826 2162 τῆς
849 2076 956 2162 ψυχῆς
982 2101 1000 2140 a
1022 2077 1120 2142 verbis
1142 2096 1261 2163 pracce-

255 2193 393 2258 dentibus
416 2189 456 2256 ccl
479 2193 544 2258 τῶν
567 2193 723 2278 ἐμψύχων
745 2193 843 2278 μόρια
866 2194 1076 2270 dissolvamus,
1101 2190 1262 2279 prohibent
1331 2219 1337 2238 ·

255 2312 406 2394 sequentia
423 2308 525 2384 verba,
551 2331 638 2372 unam
663 2331 722 2372 rem
747 2310 936 2376 illustrantia:
952 2311 997 2398 τῷ
1011 2303 1112 2395 α’ρχὰς
1126 2341 1164 2351 -·
1178 2329 1262 2392 καμ-

254 2433 340 2497 παῖς.
375 2423 489 2506 Quodsi
514 2424 586 2489 haec
610 2425 648 2489 ad
671 2425 748 2489 solas
772 2440 871 2512 partes
895 2427 1062 2492 animalium
1086 2425 1194 2490 reicere
1209 2448 1263 2491 vo·

254 2540 351 2616 lucris,
377 2542 495 2604 inverso
520 2553 598 2605 certe
621 2540 724 2604 ordine
750 2541 904 2607 dicendum
930 2542 999 2606 luit:
1024 2538 1063 2605 cd
1084 2543 1138 2628 τῆς
1156 2541 1262 2629 ψυχῆς

254 2659 309 2718 καὶ
330 2651 371 2717 ccl
394 2659 459 2717 τῶν
481 2653 639 2739 ἐμψύχων
660 2655 768 2736 μόρια.
813 2641 866 2717 His
896 2654 932 2719 de
958 2659 1070 2734 causis,
1103 2658 1172 2722 dum
1196 2658 1260 2743 quis
1276 2633 1295 2662 κ

254 2771 401 2834 meliorem
426 2781 455 2832 et
478 2766 636 2833 feliciorem
654 2769 885 2835 emendationem
902 2772 1017 2848 afferat,
1042 2773 1176 2855 legerim:
1198 2768 1257 2854 μύ-

254 2883 348 2948 λισεα
364 2883 394 2947 δ’
405 2882 448 2947 ἄν
458 2907 485 2947 τ.
500 2907 527 2947 τ.
542 2907 569 2947 τ.
585 2909 610 2949 a.
626 2907 699 2968 υ.·μ.
711 2910 739 2950 κ.
750 2909 777 2948 c.
789 2909 816 2950 τ.
828 2901 867 2975 ψ.
883 2885 1045 2973 πάρεγγυς
1059 2883 1149 2962 ὄντα,
1164 2888 1261 2971 ἄμφω

148 3003 154 3016 ’
253 3001 425 3080 γίγνεσθαι
441 3004 496 3061 καὶ
509 2998 608 3068 ducei-
620 3046 628 3063 .
641 3047 668 3064 ..
693 3002 750 3066 boc
766 3025 869 3068 sensu:
893 3007 1019 3067 maxime
1036 3017 1132 3067 autem
1149 3013 1178 3063 et
1194 3011 1263 3060 actu

254 3129 282 3180 ct
305 3118 439 3201 potentia
461 3117 523 3182 fieri
546 3116 686 3181 dicuntur
701 3139 751 3182 cac
767 3131 865 3204 partes
883 3118 1060 3189 animalium,
1085 3134 1160 3198 quae
1171 3112 1261 3193 juxta

254 3235 366 3296 animae
390 3243 488 3316 parus
512 3234 626 3317 positae
650 3235 712 3297 sive
736 3234 773 3297 ab
798 3237 910 3298 animae
933 3229 1068 3316 partibus
1086 3247 1144 3290 non
1165 3223 1262 3287 divul-

254 3367 303 3411 sae
326 3349 394 3410 sint.
429 3348 535 3412 Anima
559 3361 656 3414 autem
680 3351 709 3412 in
733 3348 872 3413 hocloco
895 3345 970 3412 idem
994 3345 1054 3411 scre
1078 3341 1165 3432 quod
1181 3343 1284 3428 prin-¹

254 3467 362 3551 cipium
386 3463 523 3528 movendi
548 3465 696 3530 declarare
719 3462 852 3540 videtur,
882 3465 963 3552 quod
992 3461 1131 3545 movendi
1153 3459 1263 3545 princi·

253 3583 336 3665 pium
359 3583 389 3643 in
413 3580 562 3642 nonnullis
587 3580 761 3646 animalibus
784 3603 845 3646 non
868 3584 898 3645 in
921 3603 1012 3644 unum
1032 3590 1174 3666 punctum
1191 3594 1262 3637 con·

253 3707 395 3772 tractum,
428 3695 549 3766 sedita
572 3719 625 3782 per
648 3709 743 3760 totum
768 3719 876 3784 corpus
901 3695 1079 3781 dissipatum·
1100 3703 1157 3767 est,
1187 3701 1222 3753 ut
1245 3711 1263 3752 a

253 3812 376 3896 singulis
406 3809 542 3897 partibus
571 3813 656 3874 etiam
681 3812 789 3876 avulsis
817 3822 959 3876 servetur.
1006 3808 1184 3875 Accuratius
1206 3805 1262 3868 illis

253 3926 389 4010 partibus
413 3921 524 4011 ψνχῆν
547 3923 716 4013 cormarrin
739 3932 793 3990 καὶ
810 3921 1002 4012 αἰσθητικὴν
1016 3929 1111 3990 inesse
1126 3921 1179 3988 Ar.
1195 3942 1263 4010 per·
