<?xml version="1.0" encoding="UTF-8"?>
<!DOCTYPE html PUBLIC "-//W3C//DTD XHTML 1.0 Transitional//EN"
    "http://www.w3.org/TR/xhtml1/DTD/xhtml1-transitional.dtd">
<html xmlns="http://www.w3.org/1999/xhtml" xml:lang="en" lang="en">
 <head>
  <title>
</title>
<meta http-equiv="Content-Type" content="text/html;charset=utf-8" />
  <meta name='ocr-system' content='tesseract 3.04.00' />
  <meta name='ocr-capabilities' content='ocr_page ocr_carea ocr_par ocr_line ocrx_word'/>
</head>
<body>
  <div class='ocr_page' id='page_1' title='image "./studiainaristot00chrigoog_0117.png"; bbox 0 0 2948 4768; ppageno 0'>
   <div class='ocr_carea' id='block_1_1' title="bbox 702 350 861 449">
    <p class='ocr_par' dir='ltr' id='par_1_1' title="bbox 702 350 861 449">
     <span class='ocr_line' id='line_1_1' title="bbox 702 350 861 449; baseline 0 -35"><span class='ocrx_word' id='word_1_1' title='bbox 702 350 861 449; x_wconf 58' lang='lat' dir='ltr'>-us-</span> 
     </span>
    </p>
   </div>
   <div class='ocr_carea' id='block_1_2' title="bbox 275 527 1287 733">
    <p class='ocr_par' dir='ltr' id='par_1_2' title="bbox 275 527 1287 733">
     <span class='ocr_line' id='line_1_2' title="bbox 275 527 1287 618; baseline 0.002 -24"><span class='ocrx_word' id='word_1_2' title='bbox 275 533 347 618; x_wconf 92' lang='lat' dir='ltr'>quin</span> <span class='ocrx_word' id='word_1_3' title='bbox 370 531 419 596; x_wconf 93' lang='lat' dir='ltr'>bic</span> <span class='ocrx_word' id='word_1_4' title='bbox 441 529 517 613; x_wconf 86' lang='lat' dir='ltr'>liber</span> <span class='ocrx_word' id='word_1_5' title='bbox 530 540 635 616; x_wconf 90' lang='lat' dir='ltr'>postea</span> <span class='ocrx_word' id='word_1_6' title='bbox 650 527 767 594; x_wconf 91' lang='lat' dir='ltr'>demum</span> <span class='ocrx_word' id='word_1_7' title='bbox 784 529 821 594; x_wconf 88' lang='lat' dir='ltr'>ab</span> <span class='ocrx_word' id='word_1_8' title='bbox 837 528 892 594; x_wconf 85' lang='lat' dir='ltr'>Ar.</span> <span class='ocrx_word' id='word_1_9' title='bbox 910 549 944 594; x_wconf 86' lang='lat' dir='ltr'>eo</span> <span class='ocrx_word' id='word_1_10' title='bbox 961 529 1084 612; x_wconf 83' lang='lat' dir='ltr'>consilio</span> <span class='ocrx_word' id='word_1_11' title='bbox 1101 532 1287 618; x_wconf 82' lang='lat' dir='ltr'>conscriptus</span> 
     </span>
     <span class='ocr_line' id='line_1_3' title="bbox 275 643 1286 733; baseline 0.002 -23"><span class='ocrx_word' id='word_1_12' title='bbox 275 650 329 722; x_wconf 92' lang='lat' dir='ltr'>sit,</span> <span class='ocrx_word' id='word_1_13' title='bbox 353 659 389 712; x_wconf 91' lang='lat' dir='ltr'>ut</span> <span class='ocrx_word' id='word_1_14' title='bbox 411 669 459 722; x_wconf 88' lang='lat' dir='ltr'>ea,</span> <span class='ocrx_word' id='word_1_15' title='bbox 485 667 561 733; x_wconf 90' lang='lat' dir='ltr'>quae</span> <span class='ocrx_word' id='word_1_16' title='bbox 582 647 612 708; x_wconf 94' lang='lat' dir='ltr'>in</span> <span class='ocrx_word' id='word_1_17' title='bbox 627 645 684 708; x_wconf 89' lang='lat' dir='ltr'>illis</span> <span class='ocrx_word' id='word_1_18' title='bbox 699 644 783 709; x_wconf 92' lang='lat' dir='ltr'>libris</span> <span class='ocrx_word' id='word_1_19' title='bbox 799 643 950 708; x_wconf 89' lang='lat' dir='ltr'>incondita</span> <span class='ocrx_word' id='word_1_20' title='bbox 965 666 999 708; x_wconf 87' lang='lat' dir='ltr'>ac</span> <span class='ocrx_word' id='word_1_21' title='bbox 1014 645 1134 710; x_wconf 87' lang='lat' dir='ltr'>turbata</span> <span class='ocrx_word' id='word_1_22' title='bbox 1144 646 1286 729; x_wconf 89' lang='lat' dir='ltr'>jacerent,</span> 
     </span>
    </p>
   </div>
   <div class='ocr_carea' id='block_1_3' title="bbox 274 757 1391 848">
    <p class='ocr_par' dir='ltr' id='par_1_3' title="bbox 274 757 1391 848">
     <span class='ocr_line' id='line_1_4' title="bbox 274 757 1391 848; baseline 0.001 -23"><span class='ocrx_word' id='word_1_23' title='bbox 274 765 304 826; x_wconf 91' lang='lat' dir='ltr'>in</span> <span class='ocrx_word' id='word_1_24' title='bbox 323 763 436 848; x_wconf 88' lang='lat' dir='ltr'>justam</span> <span class='ocrx_word' id='word_1_25' title='bbox 458 773 548 848; x_wconf 88' lang='lat' dir='ltr'>atquc</span> <span class='ocrx_word' id='word_1_26' title='bbox 571 761 732 846; x_wconf 78' lang='lat' dir='ltr'>elegantem</span> <span class='ocrx_word' id='word_1_27' title='bbox 756 757 880 824; x_wconf 86' lang='lat' dir='ltr'>sormam</span> <span class='ocrx_word' id='word_1_28' title='bbox 903 757 1059 846; x_wconf 79' lang='lat' dir='ltr'>redigeret.</span> <span class='ocrx_word' id='word_1_29' title='bbox 1093 759 1120 823; x_wconf 88' lang='lat' dir='ltr'>ls</span> <span class='ocrx_word' id='word_1_30' title='bbox 1144 763 1219 824; x_wconf 89' lang='lat' dir='ltr'>enim</span> <span class='ocrx_word' id='word_1_31' title='bbox 1244 759 1289 826; x_wconf 81' lang='lat' dir='ltr'>est&#39;</span> <span class='ocrx_word' id='word_1_32' title='bbox 1386 805 1391 814; x_wconf 51' lang='grc' dir='ltr'><em>ι</em></span> 
     </span>
    </p>
   </div>
   <div class='ocr_carea' id='block_1_4' title="bbox 207 871 1289 961">
    <p class='ocr_par' dir='ltr' id='par_1_4' title="bbox 207 871 1289 961">
     <span class='ocr_line' id='line_1_5' title="bbox 207 871 1289 961; baseline 0.004 -27"><span class='ocrx_word' id='word_1_33' title='bbox 207 927 211 934; x_wconf 94' lang='grc'><em>.</em></span> <span class='ocrx_word' id='word_1_34' title='bbox 274 880 305 940; x_wconf 90' lang='lat' dir='ltr'>iu</span> <span class='ocrx_word' id='word_1_35' title='bbox 328 876 387 940; x_wconf 90' lang='lat' dir='ltr'>boc</span> <span class='ocrx_word' id='word_1_36' title='bbox 410 874 487 938; x_wconf 93' lang='lat' dir='ltr'>libro</span> <span class='ocrx_word' id='word_1_37' title='bbox 512 875 609 939; x_wconf 90' lang='lat' dir='ltr'>clarus</span> <span class='ocrx_word' id='word_1_38' title='bbox 633 871 810 960; x_wconf 89' lang='lat' dir='ltr'>dispon&#39;endi</span> <span class='ocrx_word' id='word_1_39' title='bbox 835 873 926 949; x_wconf 91' lang='lat' dir='ltr'>ordo,</span> <span class='ocrx_word' id='word_1_40' title='bbox 954 876 978 938; x_wconf 94' lang='lat' dir='ltr'>is</span> <span class='ocrx_word' id='word_1_41' title='bbox 1002 878 1162 942; x_wconf 80' lang='lat' dir='ltr'>continuus</span> <span class='ocrx_word' id='word_1_42' title='bbox 1185 875 1289 961; x_wconf 91' lang='lat' dir='ltr'>dispu-</span> 
     </span>
    </p>
   </div>
   <div class='ocr_carea' id='block_1_5' title="bbox 178 987 1288 1068">
    <p class='ocr_par' dir='ltr' id='par_1_5' title="bbox 178 987 1288 1068">
     <span class='ocr_line' id='line_1_6' title="bbox 178 987 1288 1068; baseline -0.003 -13"><span class='ocrx_word' id='word_1_43' title='bbox 178 1001 182 1008; x_wconf 86' lang='lat'>&#39;</span> <span class='ocrx_word' id='word_1_44' title='bbox 274 989 357 1055; x_wconf 89' lang='lat' dir='ltr'>tandi</span> <span class='ocrx_word' id='word_1_45' title='bbox 379 1002 475 1064; x_wconf 87' lang='lat' dir='ltr'>tenor,</span> <span class='ocrx_word' id='word_1_46' title='bbox 499 992 525 1054; x_wconf 88' lang='lat' dir='ltr'>is</span> <span class='ocrx_word' id='word_1_47' title='bbox 548 987 691 1054; x_wconf 92' lang='lat' dir='ltr'>candidus</span> <span class='ocrx_word' id='word_1_48' title='bbox 716 988 853 1068; x_wconf 81' lang='lat' dir='ltr'>dictionis</span> <span class='ocrx_word' id='word_1_49' title='bbox 868 991 959 1066; x_wconf 87' lang='lat' dir='ltr'>nitor,</span> <span class='ocrx_word' id='word_1_50' title='bbox 982 1001 1017 1052; x_wconf 93' lang='lat' dir='ltr'>nt</span> <span class='ocrx_word' id='word_1_51' title='bbox 1031 989 1085 1052; x_wconf 89' lang='lat' dir='ltr'>Ar.</span> <span class='ocrx_word' id='word_1_52' title='bbox 1101 992 1288 1066; x_wconf 86' lang='lat' dir='ltr'>suavitatem,</span> 
     </span>
    </p>
   </div>
   <div class='ocr_carea' id='block_1_6' title="bbox 233 1102 1292 3257">
    <p class='ocr_par' dir='ltr' id='par_1_6' title="bbox 233 1102 1292 3257">
     <span class='ocr_line' id='line_1_7' title="bbox 276 1102 1289 1192; baseline 0.002 -24"><span class='ocrx_word' id='word_1_53' title='bbox 276 1125 365 1192; x_wconf 87' lang='lat' dir='ltr'>quam</span> <span class='ocrx_word' id='word_1_54' title='bbox 381 1102 486 1170; x_wconf 85' lang='lat' dir='ltr'>Cicero</span> <span class='ocrx_word' id='word_1_55' title='bbox 510 1116 540 1169; x_wconf 92' lang='lat' dir='ltr'>et</span> <span class='ocrx_word' id='word_1_56' title='bbox 553 1104 732 1169; x_wconf 76' lang='lat' dir='ltr'>Plutarchus</span> <span class='ocrx_word' id='word_1_57' title='bbox 755 1103 940 1190; x_wconf 77' lang='lat' dir='ltr'>praedicent,</span> <span class='ocrx_word' id='word_1_58' title='bbox 965 1125 1127 1191; x_wconf 77' lang='lat' dir='ltr'>agnoscere</span> <span class='ocrx_word' id='word_1_59' title='bbox 1142 1104 1229 1168; x_wconf 90' lang='lat' dir='ltr'>nobis</span> <span class='ocrx_word' id='word_1_60' title='bbox 1245 1107 1289 1170; x_wconf 89' lang='lat' dir='ltr'>vi·</span> 
     </span>
     <span class='ocr_line' id='line_1_8' title="bbox 276 1216 1289 1304; baseline 0.002 -21"><span class='ocrx_word' id='word_1_61' title='bbox 276 1220 407 1284; x_wconf 89' lang='lat' dir='ltr'>deamur.</span> <span class='ocrx_word' id='word_1_62' title='bbox 441 1218 557 1302; x_wconf 82' lang='lat' dir='ltr'><strong>Quodsi</strong></span> <span class='ocrx_word' id='word_1_63' title='bbox 576 1221 638 1304; x_wconf 90' lang='lat' dir='ltr'>jam</span> <span class='ocrx_word' id='word_1_64' title='bbox 662 1218 719 1282; x_wconf 91' lang='lat' dir='ltr'>bac</span> <span class='ocrx_word' id='word_1_65' title='bbox 734 1216 771 1282; x_wconf 90' lang='lat' dir='ltr'>dc</span> <span class='ocrx_word' id='word_1_66' title='bbox 788 1238 877 1282; x_wconf 89' lang='lat' dir='ltr'>causa</span> <span class='ocrx_word' id='word_1_67' title='bbox 893 1218 1062 1294; x_wconf 84' lang='lat' dir='ltr'>andisio,</span> <span class='ocrx_word' id='word_1_68' title='bbox 1086 1220 1166 1285; x_wconf 90' lang='lat' dir='ltr'>bunc</span> <span class='ocrx_word' id='word_1_69' title='bbox 1181 1220 1289 1285; x_wconf 88' lang='lat' dir='ltr'>librum</span> 
     </span>
     <span class='ocr_line' id='line_1_9' title="bbox 233 1328 1290 1422; baseline -0.003 -22"><span class='ocrx_word' id='word_1_70' title='bbox 233 1364 237 1378; x_wconf 69' lang='lat'><strong><em>¹</em></strong></span> <span class='ocrx_word' id='word_1_71' title='bbox 276 1347 343 1400; x_wconf 87' lang='lat' dir='ltr'>ante</span> <span class='ocrx_word' id='word_1_72' title='bbox 366 1335 528 1422; x_wconf 84' lang='lat' dir='ltr'>pleniorem</span> <span class='ocrx_word' id='word_1_73' title='bbox 551 1346 708 1399; x_wconf 88' lang='lat' dir='ltr'>tractatum</span> <span class='ocrx_word' id='word_1_74' title='bbox 733 1336 934 1419; x_wconf 90' lang='lat' dir='ltr'>conscriptum</span> <span class='ocrx_word' id='word_1_75' title='bbox 958 1356 1021 1399; x_wconf 89' lang='lat' dir='ltr'>esse</span> <span class='ocrx_word' id='word_1_76' title='bbox 1044 1328 1213 1416; x_wconf 80' lang='lat' dir='ltr'>censenti&#39;),</span> <span class='ocrx_word' id='word_1_77' title='bbox 1237 1333 1290 1398; x_wconf 93' lang='lat' dir='ltr'>ad-</span> 
     </span>
     <span class='ocr_line' id='line_1_10' title="bbox 275 1449 1290 1537; baseline -0.001 -24"><span class='ocrx_word' id='word_1_78' title='bbox 275 1449 410 1537; x_wconf 90' lang='lat' dir='ltr'>stipulari</span> <span class='ocrx_word' id='word_1_79' title='bbox 434 1471 493 1513; x_wconf 91' lang='lat' dir='ltr'>non</span> <span class='ocrx_word' id='word_1_80' title='bbox 517 1470 687 1534; x_wconf 87' lang='lat' dir='ltr'>possumus,</span> <span class='ocrx_word' id='word_1_81' title='bbox 711 1449 820 1532; x_wconf 81' lang='lat' dir='ltr'>singuli</span> <span class='ocrx_word' id='word_1_82' title='bbox 844 1469 964 1536; x_wconf 89' lang='lat' dir='ltr'>quoque</span> <span class='ocrx_word' id='word_1_83' title='bbox 987 1450 1045 1514; x_wconf 89' lang='lat' dir='ltr'>loci</span> <span class='ocrx_word' id='word_1_84' title='bbox 1061 1449 1100 1513; x_wconf 89' lang='lat' dir='ltr'>ad</span> <span class='ocrx_word' id='word_1_85' title='bbox 1116 1472 1207 1514; x_wconf 92' lang='lat' dir='ltr'>meam</span> <span class='ocrx_word' id='word_1_86' title='bbox 1224 1471 1290 1530; x_wconf 80' lang='lat' dir='ltr'>sen·</span> 
     </span>
     <span class='ocr_line' id='line_1_11' title="bbox 274 1561 1291 1651; baseline 0 -23"><span class='ocrx_word' id='word_1_87' title='bbox 274 1567 396 1628; x_wconf 86' lang='lat' dir='ltr'>tentiam</span> <span class='ocrx_word' id='word_1_88' title='bbox 425 1562 629 1628; x_wconf 82' lang='lat' dir='ltr'>stabibeudam</span> <span class='ocrx_word' id='word_1_89' title='bbox 659 1562 772 1637; x_wconf 87' lang='lat' dir='ltr'>valent,</span> <span class='ocrx_word' id='word_1_90' title='bbox 808 1561 844 1626; x_wconf 94' lang='lat' dir='ltr'>de</span> <span class='ocrx_word' id='word_1_91' title='bbox 874 1563 984 1651; x_wconf 92' lang='lat' dir='ltr'>quibus</span> <span class='ocrx_word' id='word_1_92' title='bbox 1014 1568 1044 1628; x_wconf 93' lang='lat' dir='ltr'>in</span> <span class='ocrx_word' id='word_1_93' title='bbox 1073 1577 1158 1651; x_wconf 88' lang='lat' dir='ltr'>parte</span> <span class='ocrx_word' id='word_1_94' title='bbox 1189 1567 1291 1629; x_wconf 87' lang='lat' dir='ltr'>critica</span> 
     </span>
     <span class='ocr_line' id='line_1_12' title="bbox 276 1671 1290 1770; baseline -0.001 -28"><span class='ocrx_word' id='word_1_95' title='bbox 276 1671 428 1770; x_wconf 82' lang='lat' dir='ltr'>egimus⁸).</span> <span class='ocrx_word' id='word_1_96' title='bbox 463 1678 619 1744; x_wconf 90' lang='lat' dir='ltr'>Praeterea</span> <span class='ocrx_word' id='word_1_97' title='bbox 643 1699 693 1742; x_wconf 88' lang='lat' dir='ltr'>eae</span> <span class='ocrx_word' id='word_1_98' title='bbox 716 1679 971 1755; x_wconf 78' lang='lat' dir='ltr'>inconcinnitates,</span> <span class='ocrx_word' id='word_1_99' title='bbox 997 1701 1071 1766; x_wconf 88' lang='lat' dir='ltr'>quas</span> <span class='ocrx_word' id='word_1_100' title='bbox 1094 1703 1133 1744; x_wconf 82' lang='lat' dir='ltr'>ex</span> <span class='ocrx_word' id='word_1_101' title='bbox 1155 1680 1290 1744; x_wconf 87' lang='lat' dir='ltr'>conflatis</span> 
     </span>
     <span class='ocr_line' id='line_1_13' title="bbox 275 1793 1288 1888; baseline 0 -30"><span class='ocrx_word' id='word_1_102' title='bbox 275 1793 426 1879; x_wconf 87' lang='lat' dir='ltr'>prioribus</span> <span class='ocrx_word' id='word_1_103' title='bbox 449 1793 506 1858; x_wconf 92' lang='lat' dir='ltr'>illis</span> <span class='ocrx_word' id='word_1_104' title='bbox 529 1793 766 1888; x_wconf 85' lang='lat' dir='ltr'>institutionibus</span> <span class='ocrx_word' id='word_1_105' title='bbox 790 1793 938 1880; x_wconf 89' lang='lat' dir='ltr'>prolectas</span> <span class='ocrx_word' id='word_1_106' title='bbox 961 1816 1025 1858; x_wconf 89' lang='lat' dir='ltr'>esse</span> <span class='ocrx_word' id='word_1_107' title='bbox 1048 1795 1288 1882; x_wconf 86' lang='lat' dir='ltr'>significavimus,</span> 
     </span>
     <span class='ocr_line' id='line_1_14' title="bbox 275 1907 1289 1982; baseline 0.001 -11"><span class='ocrx_word' id='word_1_108' title='bbox 275 1909 333 1972; x_wconf 91' lang='lat' dir='ltr'>boc</span> <span class='ocrx_word' id='word_1_109' title='bbox 356 1910 386 1972; x_wconf 93' lang='lat' dir='ltr'>in</span> <span class='ocrx_word' id='word_1_110' title='bbox 410 1907 486 1972; x_wconf 91' lang='lat' dir='ltr'>libro</span> <span class='ocrx_word' id='word_1_111' title='bbox 511 1910 637 1982; x_wconf 84' lang='lat' dir='ltr'>evitatae</span> <span class='ocrx_word' id='word_1_112' title='bbox 661 1921 740 1972; x_wconf 90' lang='lat' dir='ltr'>sunt.</span> <span class='ocrx_word' id='word_1_113' title='bbox 778 1907 830 1972; x_wconf 91' lang='lat' dir='ltr'>Sic</span> <span class='ocrx_word' id='word_1_114' title='bbox 845 1910 898 1973; x_wconf 88' lang='lat' dir='ltr'>Ar.</span> <span class='ocrx_word' id='word_1_115' title='bbox 923 1912 952 1972; x_wconf 91' lang='lat' dir='ltr'>iu</span> <span class='ocrx_word' id='word_1_116' title='bbox 976 1909 1054 1974; x_wconf 89' lang='lat' dir='ltr'>libro</span> <span class='ocrx_word' id='word_1_117' title='bbox 1069 1915 1106 1974; x_wconf 89' lang='grc' dir='ltr'><em>Κ</em></span> <span class='ocrx_word' id='word_1_118' title='bbox 1127 1909 1235 1975; x_wconf 89' lang='lat' dir='ltr'>librum</span> <span class='ocrx_word' id='word_1_119' title='bbox 1250 1912 1289 1972; x_wconf 85' lang='grc' dir='ltr'><em>Δ.</em></span> 
     </span>
     <span class='ocr_line' id='line_1_15' title="bbox 276 2023 1290 2109; baseline -0.002 -19"><span class='ocrx_word' id='word_1_120' title='bbox 276 2037 354 2090; x_wconf 87' lang='lat' dir='ltr'>certe</span> <span class='ocrx_word' id='word_1_121' title='bbox 377 2045 414 2088; x_wconf 86' lang='lat' dir='ltr'>ex</span> <span class='ocrx_word' id='word_1_122' title='bbox 439 2024 647 2109; x_wconf 87' lang='lat' dir='ltr'>metaphysicis</span> <span class='ocrx_word' id='word_1_123' title='bbox 672 2025 867 2088; x_wconf 82' lang='lat' dir='ltr'>exterminare</span> <span class='ocrx_word' id='word_1_124' title='bbox 892 2036 921 2087; x_wconf 89' lang='lat' dir='ltr'>et</span> <span class='ocrx_word' id='word_1_125' title='bbox 944 2023 1144 2108; x_wconf 88' lang='lat' dir='ltr'>disputatione</span> <span class='ocrx_word' id='word_1_126' title='bbox 1168 2046 1290 2088; x_wconf 92' lang='lat' dir='ltr'>accura-</span> 
     </span>
     <span class='ocr_line' id='line_1_16' title="bbox 275 2137 1288 2230; baseline -0.004 -26"><span class='ocrx_word' id='word_1_127' title='bbox 275 2141 361 2216; x_wconf 89' lang='lat' dir='ltr'>tiore,</span> <span class='ocrx_word' id='word_1_128' title='bbox 386 2161 424 2204; x_wconf 82' lang='lat' dir='ltr'>ex</span> <span class='ocrx_word' id='word_1_129' title='bbox 447 2138 530 2204; x_wconf 91' lang='lat' dir='ltr'>libris</span> <span class='ocrx_word' id='word_1_130' title='bbox 545 2142 581 2230; x_wconf 99' lang='grc' dir='ltr'><strong><em>Ζ</em></strong></span> <span class='ocrx_word' id='word_1_131' title='bbox 595 2141 636 2201; x_wconf 89' lang='grc' dir='ltr'>Η.</span> <span class='ocrx_word' id='word_1_132' title='bbox 649 2139 726 2201; x_wconf 87' lang='grc' dir='ltr'><em>Θ.Ι.</em></span> <span class='ocrx_word' id='word_1_133' title='bbox 750 2150 905 2224; x_wconf 85' lang='lat' dir='ltr'>excerpta,</span> <span class='ocrx_word' id='word_1_134' title='bbox 931 2159 1066 2223; x_wconf 90' lang='lat' dir='ltr'>reparare</span> <span class='ocrx_word' id='word_1_135' title='bbox 1084 2137 1215 2200; x_wconf 88' lang='lat' dir='ltr'>voluisse</span> <span class='ocrx_word' id='word_1_136' title='bbox 1224 2138 1288 2220; x_wconf 84' lang='lat' dir='ltr'>jam</span> 
     </span>
     <span class='ocr_line' id='line_1_17' title="bbox 276 2250 1291 2340; baseline -0.004 -22"><span class='ocrx_word' id='word_1_137' title='bbox 276 2255 344 2318; x_wconf 87' lang='lat' dir='ltr'>binc</span> <span class='ocrx_word' id='word_1_138' title='bbox 367 2255 499 2340; x_wconf 82' lang='lat' dir='ltr'>apparet,</span> <span class='ocrx_word' id='word_1_139' title='bbox 525 2253 607 2339; x_wconf 92' lang='lat' dir='ltr'>quod</span> <span class='ocrx_word' id='word_1_140' title='bbox 630 2255 651 2316; x_wconf 93' lang='lat' dir='ltr'>ii</span> <span class='ocrx_word' id='word_1_141' title='bbox 674 2254 731 2316; x_wconf 91' lang='lat' dir='ltr'>loci</span> <span class='ocrx_word' id='word_1_142' title='bbox 752 2253 820 2317; x_wconf 92' lang='lat' dir='ltr'>libri</span> <span class='ocrx_word' id='word_1_143' title='bbox 835 2258 868 2315; x_wconf 90' lang='grc' dir='ltr'><em>Β</em></span> <span class='ocrx_word' id='word_1_144' title='bbox 883 2265 913 2316; x_wconf 89' lang='lat' dir='ltr'>et</span> <span class='ocrx_word' id='word_1_145' title='bbox 928 2256 961 2328; x_wconf 73' lang='lat'>1]</span> <span class='ocrx_word' id='word_1_146' title='bbox 985 2273 1060 2339; x_wconf 91' lang='lat' dir='ltr'>quos</span> <span class='ocrx_word' id='word_1_147' title='bbox 1076 2251 1113 2316; x_wconf 92' lang='lat' dir='ltr'>ad</span> <span class='ocrx_word' id='word_1_148' title='bbox 1128 2250 1235 2316; x_wconf 90' lang='lat' dir='ltr'>librum</span> <span class='ocrx_word' id='word_1_149' title='bbox 1251 2255 1291 2314; x_wconf 81' lang='lat' dir='ltr'>A.</span> 
     </span>
     <span class='ocr_line' id='line_1_18' title="bbox 276 2363 1292 2455; baseline -0.002 -23"><span class='ocrx_word' id='word_1_150' title='bbox 276 2372 441 2434; x_wconf 88' lang='lat' dir='ltr'>necessario</span> <span class='ocrx_word' id='word_1_151' title='bbox 465 2367 635 2432; x_wconf 77' lang='lat' dir='ltr'>referendos</span> <span class='ocrx_word' id='word_1_152' title='bbox 659 2389 722 2432; x_wconf 87' lang='lat' dir='ltr'>esse</span> <span class='ocrx_word' id='word_1_153' title='bbox 746 2389 838 2455; x_wconf 89' lang='lat' dir='ltr'>supra</span> <span class='ocrx_word' id='word_1_154' title='bbox 861 2365 949 2432; x_wconf 90' lang='lat' dir='ltr'>docui</span> <span class='ocrx_word' id='word_1_155' title='bbox 963 2363 1002 2448; x_wconf 80' lang='lat'>¹),</span> <span class='ocrx_word' id='word_1_156' title='bbox 1032 2368 1090 2431; x_wconf 94' lang='lat' dir='ltr'>boc</span> <span class='ocrx_word' id='word_1_157' title='bbox 1110 2369 1139 2430; x_wconf 91' lang='lat' dir='ltr'>iu</span> <span class='ocrx_word' id='word_1_158' title='bbox 1163 2365 1238 2431; x_wconf 91' lang='lat' dir='ltr'>libro</span> <span class='ocrx_word' id='word_1_159' title='bbox 1255 2371 1292 2430; x_wconf 93' lang='grc' dir='ltr'><em>Κ.</em></span> 
     </span>
     <span class='ocr_line' id='line_1_19' title="bbox 277 2482 1291 2570; baseline -0.002 -22"><span class='ocrx_word' id='word_1_160' title='bbox 277 2486 377 2550; x_wconf 91' lang='lat' dir='ltr'>omissi</span> <span class='ocrx_word' id='word_1_161' title='bbox 393 2496 480 2562; x_wconf 83' lang='lat' dir='ltr'>sunt3</span> <span class='ocrx_word' id='word_1_162' title='bbox 502 2485 544 2548; x_wconf 91' lang='lat' dir='ltr'>sic</span> <span class='ocrx_word' id='word_1_163' title='bbox 560 2505 651 2568; x_wconf 91' lang='lat' dir='ltr'>porro</span> <span class='ocrx_word' id='word_1_164' title='bbox 668 2483 754 2546; x_wconf 88' lang='lat' dir='ltr'>finem</span> <span class='ocrx_word' id='word_1_165' title='bbox 771 2483 861 2567; x_wconf 85' lang='lat' dir='ltr'>hujus</span> <span class='ocrx_word' id='word_1_166' title='bbox 879 2482 1050 2570; x_wconf 84' lang='lat' dir='ltr'>discipliuae</span> <span class='ocrx_word' id='word_1_167' title='bbox 1065 2485 1105 2546; x_wconf 89' lang='lat' dir='ltr'>ita</span> <span class='ocrx_word' id='word_1_168' title='bbox 1121 2483 1150 2545; x_wconf 93' lang='lat' dir='ltr'>in</span> <span class='ocrx_word' id='word_1_169' title='bbox 1166 2482 1241 2546; x_wconf 89' lang='lat' dir='ltr'>libro</span> <span class='ocrx_word' id='word_1_170' title='bbox 1254 2487 1291 2546; x_wconf 85' lang='lat' dir='ltr'>K.</span> 
     </span>
     <span class='ocr_line' id='line_1_20' title="bbox 277 2589 1289 2688; baseline -0.005 -23"><span class='ocrx_word' id='word_1_171' title='bbox 277 2601 522 2688; x_wconf 87' lang='lat' dir='ltr'>circumscripsit,</span> <span class='ocrx_word' id='word_1_172' title='bbox 545 2589 700 2662; x_wconf 80' lang='lat' dir='ltr'>utstatim</span> <span class='ocrx_word' id='word_1_173' title='bbox 726 2620 743 2660; x_wconf 94' lang='lat' dir='ltr'>a</span> <span class='ocrx_word' id='word_1_174' title='bbox 765 2601 958 2686; x_wconf 26' lang='lat' dir='ltr'>generelsive</span> <span class='ocrx_word' id='word_1_175' title='bbox 982 2596 1019 2661; x_wconf 90' lang='lat' dir='ltr'>ab</span> <span class='ocrx_word' id='word_1_176' title='bbox 1044 2609 1126 2673; x_wconf 91' lang='lat' dir='ltr'>ente,</span> <span class='ocrx_word' id='word_1_177' title='bbox 1151 2618 1209 2685; x_wconf 90' lang='lat' dir='ltr'>qua</span> <span class='ocrx_word' id='word_1_178' title='bbox 1228 2619 1289 2672; x_wconf 90' lang='lat' dir='ltr'>ens,</span> 
     </span>
     <span class='ocr_line' id='line_1_21' title="bbox 277 2711 1288 2799; baseline -0.002 -23"><span class='ocrx_word' id='word_1_179' title='bbox 277 2714 523 2799; x_wconf 86' lang='lat' dir='ltr'>proficisceretur,</span> <span class='ocrx_word' id='word_1_180' title='bbox 548 2723 578 2775; x_wconf 89' lang='lat' dir='ltr'>et</span> <span class='ocrx_word' id='word_1_181' title='bbox 600 2711 669 2775; x_wconf 92' lang='lat' dir='ltr'>huic</span> <span class='ocrx_word' id='word_1_182' title='bbox 693 2732 806 2774; x_wconf 90' lang='lat' dir='ltr'>omnem</span> <span class='ocrx_word' id='word_1_183' title='bbox 831 2711 1060 2798; x_wconf 90' lang='lat' dir='ltr'>disputationem</span> <span class='ocrx_word' id='word_1_184' title='bbox 1081 2711 1288 2778; x_wconf 88' lang='lat' dir='ltr'>adnectendam</span> 
     </span>
     <span class='ocr_line' id='line_1_22' title="bbox 278 2821 1290 2916; baseline -0.006 -23"><span class='ocrx_word' id='word_1_185' title='bbox 278 2851 341 2893; x_wconf 90' lang='lat' dir='ltr'>esse</span> <span class='ocrx_word' id='word_1_186' title='bbox 364 2827 543 2916; x_wconf 87' lang='lat' dir='ltr'>significaret</span> <span class='ocrx_word' id='word_1_187' title='bbox 565 2821 615 2908; x_wconf 85' lang='lat' dir='ltr'>(el.</span> <span class='ocrx_word' id='word_1_188' title='bbox 633 2833 669 2892; x_wconf 93' lang='grc' dir='ltr'><em>Κ.</em></span> <span class='ocrx_word' id='word_1_189' title='bbox 692 2849 716 2890; x_wconf 90' lang='lat' dir='ltr'>c.</span> <span class='ocrx_word' id='word_1_190' title='bbox 733 2826 768 2890; x_wconf 97' lang='lat' dir='ltr'>lll</span> <span class='ocrx_word' id='word_1_191' title='bbox 792 2829 855 2891; x_wconf 88' lang='lat' dir='ltr'>init.</span> <span class='ocrx_word' id='word_1_192' title='bbox 881 2839 910 2890; x_wconf 95' lang='lat' dir='ltr'>et</span> <span class='ocrx_word' id='word_1_193' title='bbox 934 2829 966 2888; x_wconf 94' lang='grc' dir='ltr'>Γ.</span> <span class='ocrx_word' id='word_1_194' title='bbox 986 2849 1010 2891; x_wconf 92' lang='lat' dir='ltr'>c.</span> <span class='ocrx_word' id='word_1_195' title='bbox 1028 2823 1062 2908; x_wconf 91' lang='lat' dir='ltr'>l).</span> <span class='ocrx_word' id='word_1_196' title='bbox 1109 2825 1197 2908; x_wconf 80' lang='lat' dir='ltr'>Quod</span> <span class='ocrx_word' id='word_1_197' title='bbox 1220 2847 1290 2890; x_wconf 87' lang='lat' dir='ltr'>cou-</span> 
     </span>
     <span class='ocr_line' id='line_1_23' title="bbox 279 2940 1292 3029; baseline -0.003 -22"><span class='ocrx_word' id='word_1_198' title='bbox 279 2945 374 3008; x_wconf 89' lang='lat' dir='ltr'>silium</span> <span class='ocrx_word' id='word_1_199' title='bbox 404 2955 500 3006; x_wconf 90' lang='lat' dir='ltr'>autem</span> <span class='ocrx_word' id='word_1_200' title='bbox 525 2940 577 3005; x_wconf 87' lang='lat' dir='ltr'>Ar.</span> <span class='ocrx_word' id='word_1_201' title='bbox 602 2944 631 3003; x_wconf 93' lang='lat' dir='ltr'>in</span> <span class='ocrx_word' id='word_1_202' title='bbox 656 2940 791 3005; x_wconf 86' lang='lat' dir='ltr'>doctrina</span> <span class='ocrx_word' id='word_1_203' title='bbox 815 2941 976 3029; x_wconf 91' lang='lat' dir='ltr'>deprimis</span> <span class='ocrx_word' id='word_1_204' title='bbox 1000 2941 1175 3006; x_wconf 88' lang='lat' dir='ltr'>substantiis</span> <span class='ocrx_word' id='word_1_205' title='bbox 1199 2963 1292 3028; x_wconf 85' lang='lat' dir='ltr'>expo·</span> 
     </span>
     <span class='ocr_line' id='line_1_24' title="bbox 278 3051 1292 3144; baseline -0.003 -23"><span class='ocrx_word' id='word_1_206' title='bbox 278 3056 373 3122; x_wconf 90' lang='lat' dir='ltr'>nenda</span> <span class='ocrx_word' id='word_1_207' title='bbox 397 3069 553 3121; x_wconf 91' lang='lat' dir='ltr'>secuturus</span> <span class='ocrx_word' id='word_1_208' title='bbox 577 3055 674 3132; x_wconf 86' lang='lat' dir='ltr'>suerit,</span> <span class='ocrx_word' id='word_1_209' title='bbox 699 3069 798 3120; x_wconf 90' lang='lat' dir='ltr'>utrum</span> <span class='ocrx_word' id='word_1_210' title='bbox 815 3051 901 3130; x_wconf 90' lang='lat' dir='ltr'>idem,</span> <span class='ocrx_word' id='word_1_211' title='bbox 927 3078 987 3144; x_wconf 93' lang='lat' dir='ltr'>quo</span> <span class='ocrx_word' id='word_1_212' title='bbox 1004 3059 1033 3119; x_wconf 92' lang='lat' dir='ltr'>in</span> <span class='ocrx_word' id='word_1_213' title='bbox 1049 3056 1134 3120; x_wconf 91' lang='lat' dir='ltr'>libris</span> <span class='ocrx_word' id='word_1_214' title='bbox 1149 3060 1243 3118; x_wconf 93' lang='lat' dir='ltr'>M.N.</span> <span class='ocrx_word' id='word_1_215' title='bbox 1251 3059 1292 3118; x_wconf 85' lang='lat' dir='ltr'>A.</span> 
     </span>
     <span class='ocr_line' id='line_1_25' title="bbox 279 3169 1291 3257; baseline -0.005 -21"><span class='ocrx_word' id='word_1_216' title='bbox 279 3194 351 3236; x_wconf 92' lang='lat' dir='ltr'>usus</span> <span class='ocrx_word' id='word_1_217' title='bbox 375 3185 451 3248; x_wconf 89' lang='lat' dir='ltr'>erat,</span> <span class='ocrx_word' id='word_1_218' title='bbox 483 3193 519 3233; x_wconf 91' lang='lat' dir='ltr'>au</span> <span class='ocrx_word' id='word_1_219' title='bbox 543 3171 706 3246; x_wconf 87' lang='lat' dir='ltr'>diversum,</span> <span class='ocrx_word' id='word_1_220' title='bbox 738 3171 796 3233; x_wconf 92' lang='lat' dir='ltr'>boc</span> <span class='ocrx_word' id='word_1_221' title='bbox 819 3173 871 3233; x_wconf 88' lang='lat' dir='ltr'>vix</span> <span class='ocrx_word' id='word_1_222' title='bbox 896 3169 1053 3255; x_wconf 88' lang='lat' dir='ltr'>dijudicari</span> <span class='ocrx_word' id='word_1_223' title='bbox 1075 3183 1190 3256; x_wconf 87' lang='lat' dir='ltr'>potest,</span> <span class='ocrx_word' id='word_1_224' title='bbox 1224 3172 1291 3257; x_wconf 81' lang='lat' dir='ltr'>quia</span> 
     </span>
    </p>
   </div>
   <div class='ocr_carea' id='block_1_7' title="bbox 280 3273 1292 3373">
    <p class='ocr_par' dir='ltr' id='par_1_7' title="bbox 280 3273 1292 3373">
     <span class='ocr_line' id='line_1_26' title="bbox 280 3273 1292 3373; baseline -0.001 -25"><span class='ocrx_word' id='word_1_225' title='bbox 280 3287 428 3371; x_wconf 82' lang='lat' dir='ltr'>expositio</span> <span class='ocrx_word' id='word_1_226' title='bbox 458 3283 524 3347; x_wconf 92' lang='lat' dir='ltr'>libri</span> <span class='ocrx_word' id='word_1_227' title='bbox 546 3289 583 3349; x_wconf 91' lang='grc' dir='ltr'>Κ.</span> <span class='ocrx_word' id='word_1_228' title='bbox 607 3287 636 3347; x_wconf 93' lang='lat' dir='ltr'>in</span> <span class='ocrx_word' id='word_1_229' title='bbox 663 3273 739 3348; x_wconf 92' lang='lat' dir='ltr'>libro</span> <span class='ocrx_word' id='word_1_230' title='bbox 760 3289 797 3346; x_wconf 86' lang='lat' dir='ltr'>E.</span> <span class='ocrx_word' id='word_1_231' title='bbox 820 3284 961 3369; x_wconf 90' lang='lat' dir='ltr'>plenioris</span> <span class='ocrx_word' id='word_1_232' title='bbox 985 3289 1180 3373; x_wconf 86' lang='lat' dir='ltr'>expositionis</span> <span class='ocrx_word' id='word_1_233' title='bbox 1203 3289 1292 3350; x_wconf 81' lang='lat' dir='ltr'>inter·</span> 
     </span>
    </p>
   </div>
   <div class='ocr_carea' id='block_1_8' title="bbox 280 3398 1293 3490">
    <p class='ocr_par' dir='ltr' id='par_1_8' title="bbox 280 3398 1293 3490">
     <span class='ocr_line' id='line_1_27' title="bbox 280 3398 1293 3490; baseline 0 -26"><span class='ocrx_word' id='word_1_234' title='bbox 280 3398 397 3476; x_wconf 82' lang='lat' dir='ltr'>ciditnr.</span> <span class='ocrx_word' id='word_1_235' title='bbox 440 3399 569 3487; x_wconf 86' lang='lat' dir='ltr'>Dignum</span> <span class='ocrx_word' id='word_1_236' title='bbox 592 3413 689 3464; x_wconf 90' lang='lat' dir='ltr'>tamen</span> <span class='ocrx_word' id='word_1_237' title='bbox 713 3411 818 3463; x_wconf 88' lang='lat' dir='ltr'>notatu</span> <span class='ocrx_word' id='word_1_238' title='bbox 842 3399 872 3464; x_wconf 93' lang='lat' dir='ltr'>id</span> <span class='ocrx_word' id='word_1_239' title='bbox 897 3414 955 3478; x_wconf 90' lang='lat' dir='ltr'>est,</span> <span class='ocrx_word' id='word_1_240' title='bbox 981 3402 1062 3490; x_wconf 91' lang='lat' dir='ltr'>quod</span> <span class='ocrx_word' id='word_1_241' title='bbox 1087 3404 1220 3489; x_wconf 91' lang='lat' dir='ltr'>quaestio</span> <span class='ocrx_word' id='word_1_242' title='bbox 1244 3400 1293 3464; x_wconf 87' lang='lat' dir='ltr'>illa</span> 
     </span>
    </p>
   </div>
   <div class='ocr_carea' id='block_1_9' title="bbox 279 3597 1293 4056">
    <p class='ocr_par' dir='ltr' id='par_1_9' title="bbox 279 3597 1293 4056">
     <span class='ocr_line' id='line_1_28' title="bbox 279 3597 1293 3674; baseline 0.006 -24"><span class='ocrx_word' id='word_1_243' title='bbox 279 3606 321 3650; x_wconf 88' lang='lat' dir='ltr'>tos</span> <span class='ocrx_word' id='word_1_244' title='bbox 335 3597 425 3663; x_wconf 86' lang='lat' dir='ltr'>velim,</span> <span class='ocrx_word' id='word_1_245' title='bbox 444 3601 613 3669; x_wconf 86' lang='lat' dir='ltr'>posteriorem</span> <span class='ocrx_word' id='word_1_246' title='bbox 633 3601 699 3653; x_wconf 89' lang='lat' dir='ltr'>enim</span> <span class='ocrx_word' id='word_1_247' title='bbox 720 3597 800 3652; x_wconf 85' lang='lat'>1065·</span> <span class='ocrx_word' id='word_1_248' title='bbox 810 3599 845 3655; x_wconf 83' lang='lat'>26</span> <span class='ocrx_word' id='word_1_249' title='bbox 854 3630 884 3640; x_wconf 80' lang='lat'><em>-</em></span> <span class='ocrx_word' id='word_1_250' title='bbox 893 3599 939 3655; x_wconf 84' lang='lat'>69·</span> <span class='ocrx_word' id='word_1_251' title='bbox 951 3599 984 3654; x_wconf 84' lang='lat' dir='ltr'>ll</span> <span class='ocrx_word' id='word_1_252' title='bbox 998 3602 1029 3656; x_wconf 80' lang='lat' dir='ltr'>ad</span> <span class='ocrx_word' id='word_1_253' title='bbox 1042 3603 1213 3674; x_wconf 82' lang='lat' dir='ltr'>metaphysica</span> <span class='ocrx_word' id='word_1_254' title='bbox 1226 3609 1293 3656; x_wconf 82' lang='lat' dir='ltr'>certe</span> 
     </span>
     <span class='ocr_line' id='line_1_29' title="bbox 280 3695 1293 3772; baseline 0.006 -26"><span class='ocrx_word' id='word_1_255' title='bbox 280 3711 332 3749; x_wconf 89' lang='lat' dir='ltr'>non</span> <span class='ocrx_word' id='word_1_256' title='bbox 351 3696 476 3764; x_wconf 85' lang='lat' dir='ltr'>pertinere</span> <span class='ocrx_word' id='word_1_257' title='bbox 495 3695 538 3748; x_wconf 88' lang='lat' dir='ltr'>alii</span> <span class='ocrx_word' id='word_1_258' title='bbox 555 3696 649 3748; x_wconf 84' lang='lat' dir='ltr'>affatim</span> <span class='ocrx_word' id='word_1_259' title='bbox 668 3695 853 3766; x_wconf 88' lang='lat' dir='ltr'>probaverunt,</span> <span class='ocrx_word' id='word_1_260' title='bbox 872 3699 903 3751; x_wconf 86' lang='lat' dir='ltr'>cf.</span> <span class='ocrx_word' id='word_1_261' title='bbox 923 3698 1026 3752; x_wconf 81' lang='lat' dir='ltr'>Bonita.</span> <span class='ocrx_word' id='word_1_262' title='bbox 1045 3701 1153 3772; x_wconf 87' lang='lat' dir='ltr'>metaph.</span> <span class='ocrx_word' id='word_1_263' title='bbox 1167 3699 1193 3752; x_wconf 95' lang='lat' dir='ltr'>ll</span> <span class='ocrx_word' id='word_1_264' title='bbox 1212 3717 1235 3769; x_wconf 94' lang='lat' dir='ltr'>p.</span> <span class='ocrx_word' id='word_1_265' title='bbox 1248 3696 1293 3754; x_wconf 82' lang='lat'>23.</span> 
     </span>
     <span class='ocr_line' id='line_1_30' title="bbox 338 3789 1203 3867; baseline 0.005 -23"><span class='ocrx_word' id='word_1_266' title='bbox 338 3793 357 3859; x_wconf 86' lang='lat'>¹)</span> <span class='ocrx_word' id='word_1_267' title='bbox 382 3792 448 3846; x_wconf 86' lang='lat' dir='ltr'>Berl.</span> <span class='ocrx_word' id='word_1_268' title='bbox 462 3793 539 3846; x_wconf 79' lang='lat' dir='ltr'>dead.</span> <span class='ocrx_word' id='word_1_269' title='bbox 553 3789 588 3844; x_wconf 76' lang='grc'>34</span> <span class='ocrx_word' id='word_1_270' title='bbox 607 3810 630 3862; x_wconf 93' lang='lat' dir='ltr'>p.</span> <span class='ocrx_word' id='word_1_271' title='bbox 643 3789 677 3845; x_wconf 91' lang='grc'>66</span> <span class='ocrx_word' id='word_1_272' title='bbox 691 3811 762 3864; x_wconf 87' lang='lat' dir='ltr'>sqq.;</span> <span class='ocrx_word' id='word_1_273' title='bbox 781 3798 875 3850; x_wconf 84' lang='lat' dir='ltr'>rectius</span> <span class='ocrx_word' id='word_1_274' title='bbox 888 3797 1037 3849; x_wconf 67' lang='lat' dir='ltr'>&#39;Ravaisson</span> <span class='ocrx_word' id='word_1_275' title='bbox 1057 3796 1073 3849; x_wconf 91' lang='lat' dir='ltr'>l.</span> <span class='ocrx_word' id='word_1_276' title='bbox 1088 3796 1104 3850; x_wconf 92' lang='lat' dir='ltr'>l.</span> <span class='ocrx_word' id='word_1_277' title='bbox 1122 3815 1147 3867; x_wconf 90' lang='lat' dir='ltr'>p.</span> <span class='ocrx_word' id='word_1_278' title='bbox 1161 3794 1203 3849; x_wconf 81' lang='lat'>97.</span> 
     </span>
     <span class='ocr_line' id='line_1_31' title="bbox 338 3885 764 3962; baseline 0.014 -23"><span class='ocrx_word' id='word_1_279' title='bbox 338 3889 358 3955; x_wconf 84' lang='lat'>⁸)</span> <span class='ocrx_word' id='word_1_280' title='bbox 382 3889 413 3941; x_wconf 84' lang='lat' dir='ltr'>cl.</span> <span class='ocrx_word' id='word_1_281' title='bbox 432 3889 547 3959; x_wconf 83' lang='lat' dir='ltr'>inprimis</span> <span class='ocrx_word' id='word_1_282' title='bbox 567 3905 590 3957; x_wconf 89' lang='lat' dir='ltr'>p.</span> <span class='ocrx_word' id='word_1_283' title='bbox 602 3885 646 3955; x_wconf 79' lang='lat'>82,</span> <span class='ocrx_word' id='word_1_284' title='bbox 658 3887 694 3944; x_wconf 75' lang='grc'>84</span> <span class='ocrx_word' id='word_1_285' title='bbox 707 3909 764 3962; x_wconf 86' lang='lat' dir='ltr'>sqq.</span> 
     </span>
     <span class='ocr_line' id='line_1_32' title="bbox 337 3982 485 4056; baseline -0.014 -19"><span class='ocrx_word' id='word_1_286' title='bbox 337 3984 359 4054; x_wconf 82' lang='lat'>⁴)</span> <span class='ocrx_word' id='word_1_287' title='bbox 381 4003 406 4056; x_wconf 83' lang='lat' dir='ltr'>p.</span> <span class='ocrx_word' id='word_1_288' title='bbox 425 3982 485 4038; x_wconf 75' lang='lat'>104.</span> 
     </span>
    </p>
   </div>
   <div class='ocr_carea' id='block_1_10' title="bbox 0 0 1483 4768">
    <p class='ocr_par' dir='ltr' id='par_1_10' title="bbox 0 0 1483 4768">
     <span class='ocr_line' id='line_1_33' title="bbox 0 0 1483 4768; baseline 0 0"><span class='ocrx_word' id='word_1_289' title='bbox 0 0 1483 4768; x_wconf 95' lang='lat' dir='ltr'> </span> 
     </span>
    </p>
   </div>
  </div>
 </body>
</html>
