2910 4778
769 361 812 426 π
1034 277 1041 286 ”
1169 293 1193 340 e

706 451 865 464 -αι-ιι--ιι

279 539 327 608 ὅτι
347 581 384 596 -
400 539 552 626 μεγεθῶν
572 544 634 607 sive
657 541 695 606 ad
718 556 893 610 concentum
920 556 1042 612 naturae
1065 547 1122 614 loci
1147 551 1291 640 cujusque

278 659 413 727 eoelestis
436 671 465 724 et
488 659 618 724 notionis
641 659 708 724 loco
733 662 881 746 injunctae
905 661 1047 727 trahenda
1072 685 1144 729 esse.
1191 667 1290 756 Atque

279 777 377 865 aliqua
406 788 483 842 certe
514 797 551 840 ex
580 789 665 862 parte
688 776 760 841 haec
783 777 941 863 explicatio
965 800 1000 843 eo
1024 781 1187 866 probatur,
1220 788 1291 873 quia

277 917 309 958 re
333 915 410 958 vera·
426 891 595 957 dualitatem
619 894 681 956 sive
705 896 844 958 incertam
869 897 1037 980 opinionem
1062 893 1194 981 (δόξαν)
1218 901 1290 968 sub·

276 1011 373 1076 lunari
389 1011 502 1094 regioni
518 1006 598 1088 (τοῖς
611 1008 666 1094 τῆς
681 1007 943 1096 φιλομετοβάλοο
955 1013 1119 1096 γενέσεως)
1128 1009 1147 1098 ¹)
1164 1013 1290 1082 ἑπτάδο

278 1139 374 1192 autem
404 1128 466 1190 sive
496 1126 607 1210 justam
637 1130 891 1214 opportunitatem
921 1125 1075 1212 (καιρὸν)
1104 1133 1289 1219 planetarum

277 1240 442 1308 admirabili
467 1244 649 1308 constantiae
666 1239 800 1331 (κόσμῳ)
815 1238 834 1327 ¹)
856 1246 1021 1330 injunxisse
1043 1247 1191 1314 videntur.
1229 1247 1289 1317 Sed

277 1358 428 1446 quomodo
450 1358 552 1424 eadem
567 1362 643 1424 ratio
661 1361 698 1426 ad
714 1362 844 1449 reliquos
860 1383 998 1428 numeros
1014 1363 1167 1430 transferri
1183 1369 1285 1453 possit,

277 1474 411 1562 equidem
436 1473 568 1540 nondum
586 1480 751 1564 perspici03
775 1481 931 1565 peritiores
947 1493 976 1546 et
993 1483 1158 1568 sagaciores
1169 1483 1282 1582 'utinam

276 1591 352 1657 banc
373 1605 487 1680 partem
510 1595 685 1680 respiciant!

342 1706 422 1775 990³
438 1706 468 1776 6.
493 1704 576 1771 καθ’
587 1711 724 1774 ἕκαστον
736 1704 800 1796 reip
816 1708 1029 1797 occoeperat
1044 1711 1116 1788 dote,
1130 1712 1184 1774 aeci
1194 1701 1284 1793 παρὰ

276 1819 334 1900 cole
356 1817 467 1901 οὐσίας
488 1824 553 1890 τῶν
566 1848 600 1890 cs
623 1821 744 1903 ἄλλον,
769 1820 816 1891 etv
837 1825 923 1895 dcclv
943 1833 979 1894 dv
995 1827 1050 1894 dccl
1070 1825 1211 1902 πολλῶν,
1234 1825 1288 1890 soal

276 1938 330 2007 ἐπὶ
357 1939 461 2020 solede
487 1945 541 2005 καὶ
568 1939 621 2008 deu
643 1951 710 2018 calc
733 1939 859 2020 ἀϊδίοις.
900 1945 1073 2012 Alexandro
1098 1957 1219 2009 auctore
1240 1962 1287 2006 re·

277 2061 422 2124 centiorcs
446 2061 619 2147 interpretes
644 2073 774 2126 extrema
790 2062 880 2127 verba
904 2063 940 2126 de
964 2061 1130 2124 discrimine
1147 2061 1225 2123 inter
1239 2077 1287 2122 res

276 2177 408 2241 interitui
432 2175 579 2242 obnoxias
603 2176 758 2266 sideraque
783 2179 921 2244 coelestia
937 2178 1120 2263 interpretati
1135 2185 1215 2240 sunt.
1246 2173 1289 2240 At

275 2313 451 2382 numquam,
481 2293 563 2381 quod
592 2297 696 2372 scians,
733 2293 770 2359 ad
801 2296 859 2360 boc
887 2295 1043 2358 discrimen
1070 2267 1288 2378 designandum

276 2411 322 2474 his
346 2410 445 2475 verbis
468 2410 520 2474 Ar.
546 2431 618 2476 usus
641 2423 700 2490 est,
733 2435 829 2501 neque
853 2413 900 2478 hic
924 2433 940 2475 a
964 2411 1087 2476 solemni
1110 2428 1168 2473 usu
1191 2406 1287 2472 recedi

276 2526 374 2604 debet,
399 2549 437 2593 ex
460 2551 520 2617 quo
544 2527 626 2594 ideae
651 2542 680 2594 et
702 2551 749 2594 res
771 2529 925 2595 sensibiles
949 2528 1007 2592 hoc
1030 2529 1096 2613 ipso
1121 2525 1286 2589 discrimine

276 2645 313 2709 ab
326 2645 379 2708 Ar.
396 2644 538 2731 distingui
553 2647 649 2710 solent
662 2644 698 2710 cl,
714 2643 793 2712 901⁸
812 2641 868 2720 12,
893 2641 973 2709 eutr
990 2641 1020 2719 7,
1037 2641 1091 2719 12,
1119 2639 1218 2706 tutet
1232 2636 1285 2715 31,

278 2757 377 2826 1060·
395 2758 445 2826 17.
477 2760 601 2828 Accedit
624 2761 705 2850 quod
722 2745 888 2838 Bobitzius,
912 2757 1075 2824 Alexandri
1092 2758 1284 2845 explicatione

276 2877 412 2964 probata,
438 2878 537 2944 verbis
559 2880 625 2944 τῶν
639 2875 750 2945 ἄλλον
773 2879 900 2966 reliquas
925 2877 1089 2965 categorias
1112 2873 1285 2938 substantiis

276 2997 388 3081 opponi
412 2998 534 3072 censuit,
560 2997 607 3061 cui
631 2999 764 3083 opinioni
789 2997 845 3060 hac
868 2995 904 3058 de
928 3015 1017 3058 causa
1041 2991 1216 3079 adstipulari
1236 3009 1288 3054 ne·

276 3133 369 3200 queo,
395 3115 462 3200 quia
487 3112 643 3177 manifesto
667 3109 742 3174 inira
767 3109 884 3174 demum
908 3105 949 3188 (v.
969 3107 1013 3172 22
1037 3105 1083 3171 ἔτι
1106 3105 1155 3190 δέ)
1177 3107 1215 3172 de
1232 3107 1288 3171 bac

275 3227 411 3293 imbecilli
435 3239 519 3312 parte
536 3226 687 3292 doctrinae
703 3227 836 3291 idearum
853 3245 939 3314 agere
954 3223 1006 3290 Ar.
1026 3223 1151 3290 orditur.
1186 3225 1289 3312 ltaque

276 3347 339 3431 ipse
362 3345 512 3408 notionem
537 3341 648 3420 οὐσίας
670 3344 813 3409 limitibus
837 3344 948 3429 primae
970 3342 1155 3408 substantiae
1170 3341 1218 3406 vel
1233 3362 1289 3427 po-

275 3463 334 3526 tius
358 3459 581 3526 indivisibilium
605 3464 769 3550 specierum
793 3455 913 3541 (ἄτομα
927 3458 1011 3544 εἴδη)
1034 3462 1076 3524 ita
1099 3458 1230 3534 includo,
1253 3469 1289 3520 ut

275 3575 470 3663 sequentibus
485 3575 585 3641 verbis
607 3577 671 3642 τῶν
686 3575 796 3640 ἄλλων
814 3578 926 3664 species
949 3596 1116 3662 generaque
1140 3574 1289 3661 designari

222 3875 224 3880 .
335 3839 353 3906 ¹)
378 3839 493 3906 boeclh,
524 3839 633 3895 Philolai
656 3840 720 3917 frag.
740 3838 775 3897 47
800 3841 832 3898 cl.
859 3839 915 3896 cod.
933 3839 1010 3894 baur.
1034 3839 1061 3893 in
1085 3837 1166 3892 schol.
1188 3837 1228 3892 ed.
1252 3853 1288 3890 ac.

276 3953 300 4013 p.
317 3934 436 3992 560131.
