2962 4770
632 374 787 470 „ja-

206 553 328 620 dodorus
357 545 376 616 δ
406 556 471 616 τῶν
499 551 653 617 τοιούτων
673 550 780 637 papeia
808 548 919 630 λόγος,
946 554 1011 614 τόν
1035 547 1068 613 δ’
1091 546 1135 614 'nai
1166 550 1220 615 dei

188 669 335 759 ἐνεῖναι,
360 665 403 736 ἄν
425 663 467 753 μὴ
492 664 511 759 ᾗ
533 671 590 732 τοῦ
615 666 875 751 συνειλημμένου.
916 667 1026 731 Totum
1050 689 1103 754 per
1126 681 1217 753 caput

182 786 350 852 -dceimum
373 785 427 850 Ar.
451 783 607 871 distinguit
635 788 712 849 inter
736 786 879 870 integram
904 782 1028 848 sormam
1052 780 1164 863 (εἶδος)
1188 796 1216 848 et

206 900 330 968 formam
353 921 420 966 curn
443 903 564 965 materia
580 900 716 965 coelitem
734 896 1026 984 (euveripppivoelr
1053 899 1101 964 hie
1116 912 1215 986 partes

207 1019 343 1082 materiae
365 1016 574 1102 respiciendis,
598 1017 657 1081 illic
680 1014 857 1080 omittendas
881 1037 953 1080 esse.
993 1015 1070 1080 Hinc
1093 1028 1217 1101 apparet

205 1145 309 1199 nostro
332 1133 400 1198 loeo
424 1132 481 1198 sub
503 1136 567 1197 τῶν
583 1135 644 1215 μὲν
666 1155 712 1196 res
732 1143 894 1206 concretas,
919 1131 974 1196 sub
993 1130 1057 1196 τῶν
1073 1130 1109 1195 δὲ
1124 1153 1215 1218 puras

205 1247 315 1314 lormas
337 1248 542 1335 intelligendas
565 1271 638 1314 esse.
681 1248 769 1333 Quod
793 1250 817 1312 si
842 1247 1003 1332 probatur,
1027 1269 1087 1312 non
1111 1247 1216 1310 iutelli-

206 1365 296 1452 gitur,
321 1387 373 1431 cur
390 1364 480 1430 verba
504 1365 553 1450 ἄν
567 1360 611 1450 pe)
634 1360 653 1456 ᾗ
676 1363 733 1428 τοῦ
752 1361 1002 1448 συνειλημμένου
1017 1362 1130 1448 adjecta
1144 1365 1214 1438 sint,

206 1483 345 1567 quoniam
375 1483 405 1544 in
434 1481 526 1546 altero
555 1470 661 1568 genere
691 1481 769 1546 nulla
800 1502 847 1544 res
876 1492 1012 1544 concreta
1036 1480 1214 1544 continetur.

205 1593 370 1678 Quominus
399 1609 497 1662 autem
526 1619 592 1661 eum
620 1597 760 1662 Bonitzio
789 1595 861 1659 hacc
889 1594 980 1658 verba
1010 1596 1215 1679 explicationis

206 1731 294 1774 eausa
325 1711 424 1775 addita
449 1733 512 1775 esse
536 1732 722 1787 censeamus,
753 1709 844 1774 multa
868 1708 1038 1795 prohibent.
1084 1709 1214 1772 Primum

205 1825 369 1911 particulae
396 1826 439 1889 όν
466 1820 509 1910 μὴ
544 1837 614 1912 post
642 1826 828 1913 negitionem
859 1825 983 1890 solemni
1010 1847 1068 1890 usu
1096 1823 1133 1890 de
1164 1847 1215 1890 ex-

205 1943 341 2027 ceptione
364 1940 490 2028 quadam
515 1944 651 2028 usurpari
674 1942 780 2019 solent,
805 1940 910 2006 deinde
934 1962 986 2007 cur
1007 1963 1061 2026 per
1077 1941 1214 2026 ambages

194 2039 251 2122 'res
286 2060 423 2144 negative
456 2058 624 2144 explicetur
656 2079 716 2122 non
746 2057 849 2135 video,
886 2070 948 2121 tum
977 2060 1008 2120 in
1042 2058 1092 2122 illa
1120 2058 1215 2142 expli·

204 2175 319 2247 catione
342 2173 435 2238 multo
459 2177 551 2259 magis
573 2169 636 2237 ὅσοι
657 2169 700 2258 μὴ
725 2185 962 2258 exspectaretur,
991 2171 1070 2242 nihil,
1088 2172 1215 2255 denique

204 2286 372 2372 languidius
396 2291 558 2374 excogitari
583 2301 692 2374 posset.
728 2289 883 2356 Praeterea
904 2287 1051 2374 particula
1066 2280 1126 2352 οόν
1142 2287 1214 2352 mul·

185 2403 267 2494 ‘tum
298 2399 468 2466 oileusionis
498 2402 596 2466 habet.
643 2405 716 2468 Nam
746 2407 776 2468 in
800 2404 983 2470 antecedenti
1008 2407 1214 2470 enuntiatione

202 2517 456 2603 significationemv
469 2515 575 2598 λόγων
597 2519 774 2584 arctioribus
798 2519 940 2585 limitibus
965 2519 1142 2584 delinitionis
1159 2542 1214 2606 pu·

203 2653 253 2698 ree
268 2634 380 2699 formae
396 2633 602 2700 includendam
620 2657 683 2700 esse
699 2658 852 2700 connexus
868 2638 1077 2700 sententiarum
1094 2633 1214 2700 denton-

202 2760 286 2834 etrat.
321 2750 364 2814 At
385 2771 445 2814 non
470 2772 508 2814 ex
532 2750 587 2814 hac
610 2764 735 2838 angusta
756 2751 986 2838 significatione,
1011 2752 1062 2818 sed
1080 2774 1118 2818 ex
1133 2753 1214 2817 latis·

203 2864 276 2926 sima
299 2863 478 2928 definitionis
495 2861 619 2943 (λόγον)
644 2869 673 2929 vi
696 2866 725 2930 id
751 2887 934 2952 consequens
958 2881 1017 2944 est,
1043 2867 1125 2954 quod
1143 2889 1213 2953 pro·

203 2978 290 3042 xlmis
306 2977 405 3044 verbis
427 2981 608 3065 proponitur
628 2977 706 3058 (τῶν
719 2983 780 3064 μὲν
795 2976 865 3044 οὖν
880 3016 923 3026 -
940 2980 1213 3067 συνειλημμένου).

201 3092 266 3164 dam
290 3092 376 3160 codd.
403 3093 599 3182 discrepantia
623 3099 778 3162 succurrit.
815 3098 914 3184 Atque
931 3101 1007 3161 viam
1028 3100 1212 3185 corruptelae

201 3209 312 3274 indicat
334 3210 407 3277 fides
434 3212 500 3276 cod.
524 3212 565 3275 Ab
583 3203 758 3298 particulam
782 3209 842 3278 οὖν
866 3217 1041 3292 emittentis,
1073 3216 1212 3280 certiores

203 3341 257 3388 nos
281 3322 352 3388 lacit
374 3326 459 3392 lectio
484 3329 514 3424 in
536 3332 667 3415 margine
691 3329 758 3394 cod.
775 3333 812 3392 Ε.
828 3329 957 3414 adjecta,
982 3351 1106 3417 quacum
1123 3331 1209 3398 Alex.

202 3435 328 3534 sonasse
352 3443 518 3525 conspirat:
552 3441 662 3530 διόπερ
685 3455 749 3520 τοῖς
772 3447 832 3528 μὲν
847 3443 971 3510 ἐνέσται
994 3443 1090 3512 ὁτῶν
1104 3449 1212 3514 τοιού-

202 3576 267 3619 των
289 3555 395 3641 μερῶν
417 3551 526 3637 λόγος,
548 3567 615 3632 τοϊς
631 3555 661 3622 δ’
679 3557 716 3625 οὐ
734 3559 787 3624 dat
799 3558 928 3626 ἐνεῖναι.
962 3561 1115 3650 Duplicem
1134 3566 1210 3629 enim

201 3673 401 3737 recensionem
425 3687 542 3740 exstare
566 3675 753 3754 crediderim,
779 3677 914 3743 alteram:
945 3671 1058 3763 διόπερ
1085 3673 1160 3744 οὐδ’
1175 3679 1212 3745 ἒν

202 3796 268 3864 τοῖς
289 3787 397 3870 λόγοις
420 3785 479 3855 ἐὰν
500 3784 543 3878 μὴ
567 3786 588 3882 ᾖ
610 3785 684 3871 (sive
708 3795 817 3858 omisso
842 3788 861 3884 μ’
884 3817 951 3859 cum
973 3792 1031 3876 Ab)
1055 3795 1112 3858 euri
1134 3811 1210 3860 σον-

204 3900 395 3986 τιλρμμόνοο
412 3902 465 3989 (sc.
483 3902 585 3970 ἔνεστι
599 3901 640 3972 τοὶ
655 3905 709 3991 τῆς
724 3904 802 3992 ὕλης
816 3907 917 3995 μέρη),
934 3912 1068 3976 alteram:
1097 3910 1208 3997 διόπερ
1294 3993 1297 3996 ,

995 4020 1041 4076 6*
1053 4038 1058 4048 ·
