2910 4778
648 385 692 450 29

168 563 233 632 loss
255 555 346 648 παρὰ
370 555 410 626 coi
434 563 660 639 καθ’ἕκαπα,
684 559 787 628 οὐθὲν
802 563 845 628 ἄν
859 566 907 650 εἴη
922 559 1047 648 νοητόν.
1076 561 1177 630 Verba

166 681 294 768 turpiter
317 679 443 746 lacerata
460 691 489 744 et
503 680 697 766 interpolata!
720 680 892 746 Rectissime
908 679 1062 746 Bonitzins
1077 692 1177 745 sustu·

166 798 200 862 lit
225 793 314 873 εἶδός
336 819 366 860 τι
389 796 476 860 Alex.
500 799 635 874 secutns3
665 819 720 862 noc
749 799 862 861 minore
886 797 955 882 jure
979 795 1070 861 verba
1097 794 1177 860 ὅταν

170 953 204 966 -
221 911 300 998 cilqr
323 934 361 977 ex
386 910 464 977 995δ
482 911 523 976 35
555 911 657 991 »λέγω
682 911 719 976 δὲ
740 909 776 978 τὸ
794 911 930 978 σύνολον
944 910 1025 977 ὅταν
1039 930 1177 995 κατηγο-

167 1028 255 1120 ρηθῇ
283 1051 313 1092 cc
341 1028 395 1112 τῆς
422 1025 520 1113 ὕληςιι
550 1029 629 1094 illata
660 1051 714 1094 nec
742 1041 810 1114 epte
839 1051 954 1094 annexa
982 1029 1177 1092 exterminare

167 1145 237 1210 mihi
260 1144 375 1216 videor.
414 1142 475 1209 Sed
498 1144 591 1209 multo
615 1146 733 1231 turpior
755 1145 945 1231 interpolatio
969 1145 1040 1226 latet
1062 1145 1093 1207 in
1111 1164 1178 1206 ver«

167 1259 215 1324 bis
245 1254 334 1342 παρὰ
364 1253 403 1324 coi
434 1262 515 1324 καθ’
538 1261 657 1324 ἕκαστα
687 1282 725 1325 ex
757 1257 837 1326 9992
858 1257 900 1325 26
928 1249 1054 1324 inlarsis.
1102 1257 1176 1322 Nam

169 1373 257 1439 modo
275 1374 385 1454 videns,
411 1375 562 1462 quomodo
586 1377 659 1442 haec
674 1369 765 1442 verbs
789 1398 903 1440 ornnem
928 1396 1094 1440 connexum
1111 1394 1177 1436 scn-

169 1493 324 1556 tentinrnm
355 1490 521 1556 foedissime
550 1492 681 1558 turbent.
720 1493 750 1555 ln
775 1495 859 1557 initio
885 1493 989 1578 capitis
1010 1490 1070 1554 Ars
1087 1510 1178 1575 quae·

167 1609 292 1672 stionem
316 1587 465 1685 moverat,
490 1631 526 1672 an
551 1606 622 1694 quid
646 1612 684 1672 sit
706 1620 824 1693 praeter
845 1630 891 1672 res
915 1606 1045 1694 singulas
1069 1626 1176 1681 necne3

164 1721 227 1804 jam
255 1722 389 1786 refutatis
418 1725 470 1799 iis,
502 1725 553 1810 qui
581 1723 653 1787 nihil
683 1737 800 1809 praeter
828 1745 875 1788 res
905 1721 1036 1808 singulas
1062 1730 1179 1807 ponant

134 1824 138 1829 ’
170 1831 342 1918 (26-29),
373 1842 501 1924 quaerit,
526 1839 665 1924 quidnam
690 1852 806 1925 praeter
828 1839 892 1902 illas
914 1835 1104 1903 statuendum
1127 1837 1175 1899 sit.

168 1951 269 2036 Atque
298 1975 406 2038 genera
434 1957 605 2042 speciesque
635 1978 650 2019 a
681 1954 770 2020 rebus
799 1955 925 2042 singulis
948 1953 1081 2039 sejuncta
1105 1951 1176 2037 poni

167 2087 226 2132 non
252 2066 374 2148 debere,
394 2070 456 2154 jam
479 2074 579 2157 priore
602 2072 632 2134 in
655 2074 751 2156 capite
775 2093 807 2135 sc
831 2070 1047 2134 demonstrasse
1066 2066 1178 2131 indicat

168 2177 220 2262 (-
236 2181 301 2264 33).
327 2185 432 2250 Restat
447 2189 548 2270 igitur,
568 2199 602 2251 nt
616 2185 727 2250 formas
744 2182 895 2270 (μορφαὶ)
912 2195 1029 2270 praeter
1043 2203 1090 2246 res
1107 2202 1177 2245 con-

169 2309 264 2359 cretas
288 2293 341 2374 (τὰ
359 2297 494 2378 moola)
516 2313 677 2387 ponantur.
712 2301 797 2365 Hanc
812 2322 883 2365 vero
908 2301 1119 2386 quaestionem,
1143 2309 1178 2362 ut

169 2409 324 2487 intactam,
353 2411 441 2473 latins
469 2415 510 2474 ita
540 2426 662 2490 tractat,
695 2429 730 2496 pt·
755 2420 896 2500 primum,
926 2414 1032 2501 ecquid
1056 2414 1175 2478 omnino

168 2537 285 2611 practer
296 2547 342 2590 ros
355 2537 508 2590 concretas
522 2529 594 2613 poni
610 2527 724 2606 debeat,
742 2531 889 2592 examinet
901 2524 970 2608 (--l
984 2526 1047 2608 15),
1061 2527 1175 2602 deinde,

169 2662 310 2727 quasnam
334 2654 451 2729 practer
472 2664 518 2707 ros
536 2641 645 2707 formae
661 2645 813 2736 sejunctae
825 2643 979 2730 ponendae
995 2644 1064 2718 sint,
1089 2663 1175 2728 quae·

168 2769 223 2821 rat.
270 2759 370 2846 Atque
398 2757 467 2822 inde
496 2758 533 2823 ab
563 2759 593 2820 el
619 2763 679 2841 μὲν
708 2756 767 2824 οὖν
790 2757 858 2843 (bl)
886 2782 980 2846 nsque
1005 2756 1041 2822 ad
1064 2758 1120 2820 nat
1140 2750 1176 2822 ao*

169 2870 254 2944 εἶδος
272 2869 297 2950 (¹³
310 2871 362 2956 16)
387 2875 447 2938 non
472 2876 673 2958 quaestionem
698 2875 790 2939 multo
807 2875 895 2939 latius
911 2886 1068 2960 patentem,
1093 2895 1178 2936 num·

170 2985 241 3072 quid
265 2999 382 3072 praetor
405 3009 451 3052 res
475 2989 616 3076 singulas,
641 2987 693 3052 sed
712 2993 876 3066 arctiorem,
900 2988 1045 3076 numquid
1061 3001 1178 3075 praetor

98 3115 104 3130 ·
167 3123 214 3167 res
238 3115 390 3170 concretas
413 3104 602 3170 statuendum
627 3107 679 3192 sit,
711 3109 843 3183 tractari,
873 3105 1102 3170 luculentissime
1126 3127 1178 3190 ap·

168 3232 253 3301 paret
276 3242 313 3284 ex
336 3224 492 3306 postremis
512 3221 621 3298 verbis,
647 3220 756 3309 quibus
780 3223 852 3287 hacc
876 3223 1038 3308 disputatio
1060 3219 1176 3284 finitura

170 3329 200 3390 ol
222 3329 258 3393 δὲ
280 3334 373 3396 τοῦτο
397 3333 571 3413 ἀδύνατον,
594 3330 720 3421 ἀνάγκη
744 3359 773 3399 τι
796 3339 880 3403 εἶναι
899 3333 989 3424 παρὰ
1005 3334 1041 3400 τὸ
1060 3333 1177 3403 σύνο-

171 3442 245 3510 λον
268 3440 327 3529 τήν
348 3444 479 3534 μορφὴν
502 3455 557 3512 καὶ
577 3449 612 3518 ao
637 3451 723 3529 εἶδος
741 3448 842 3534 (¹³16).
873 3451 926 3516 Sin
943 3466 1039 3546 autem
1056 3453 1177 3539 vulgata

169 3561 261 3628 verba
293 3558 405 3650 »nepot
430 3559 470 3628 coi
493 3564 573 3628 καθ’
589 3567 724 3632 scaeva«
754 3569 925 3646 retinueris,
955 3571 1050 3632 omnis
1074 3568 1177 3655 dispu-

169 3678 250 3744 tandi
266 3682 356 3744 series
372 3682 607 3768 interrumpitur,
629 3688 801 3770 quaestione
812 3685 873 3770 jam
890 3706 981 3772 supra
997 3679 1021 3767 (ἃ
1032 3682 1176 3767 26-29)

170 3794 306 3862 absoluta
330 3819 409 3863 nnnc
432 3819 534 3864 rursus
559 3811 706 3887 tamquam
731 3822 808 3867 nova
825 3797 967 3884 (iart33)
984 3804 1099 3878 iterata,
1122 3821 1177 3866 nec

171 3911 231 3976 ullo
254 3913 344 3979 modo
362 3928 570 3992 concatenata.
606 3913 650 3980 Nc
666 3916 804 3982 multum:
828 3919 877 3984 illa
893 3917 984 3985 verba
1000 3916 1038 3982 ab
1055 3940 1100 3996 co,
1126 3919 1177 4004 qui
