2962 4770
672 451 832 464 -ι--ῄ

315 542 414 612 10592
432 543 484 611 29.
509 542 555 608 ἔτι
573 539 712 624 ῦτῦυσρυυ
735 545 808 627 περὶ
830 536 891 617 τοὶς
913 537 1024 618 οῦσλας
1045 543 1183 630 pomoni*
1205 546 1261 607 eat

245 660 286 730 υολ
311 661 530 748 συμβεβηκότα
553 657 721 736 ἀπόδειξίς
742 655 840 736 duosve
864 652 969 743 tireio
984 661 1106 745 respira
1121 653 1162 722 eti
1178 674 1258 744 συμ-

244 780 403 866 βεβηκότα
432 771 599 856 ductante
626 773 726 851 doctu,
757 777 831 859 trapi
857 768 916 847 τὰς
944 769 1055 849 οὐσίας
1084 770 1142 842 οῦκ
1165 773 1261 857 ἔστιν,

244 883 424 963 Rectissime⁴
435 897 590 975 Bonitzius
615 890 791 978 interpolata
808 890 901 954 verba
923 885 1090 970 ἀπόδειξίς
1108 891 1195 959 ἐστιν
1209 892 1260 959 de·

245 1017 331 1092 levit3
356 1012 408 1078 sed
433 1013 478 1076 his
503 1011 606 1075 deletis
631 1011 659 1073 in
683 1009 819 1094 sequenti
836 1008 1041 1073 enunciatione
1057 1011 1259 1096 interpunctio

245 1129 386 1195 mutanda
415 1142 467 1193 est.
521 1126 594 1191 Nam
623 1145 739 1189 omnem
769 1122 1048 1190 demonstrationem
1077 1128 1155 1190 circe
1185 1128 1261 1192 acci·

246 1245 345 1310 dentia
368 1240 618 1329 (συμβεβηκότα)
642 1239 825 1305 substautias
855 1239 1039 1306 inhaerentia
1062 1244 1174 1306 versari
1199 1264 1261 1307 ccr-

244 1365 389 1427 tissimum
413 1338 467 1436 est,
492 1359 606 1424 neceb
631 1357 690 1421 ulla
714 1354 883 1420 conditione
907 1357 1025 1443 pendet.
1061 1358 1185 1444 insuper
1205 1358 1261 1424 hae

244 1481 311 1564 ipsa
334 1479 364 1539 in
388 1497 419 1538 re
444 1487 534 1560 caput
557 1472 739 1535 difficultatis
763 1475 891 1557 spectari
909 1475 988 1559 quia,
1013 1476 1037 1537 si
1055 1485 1084 1540 et
1099 1475 1275 1544 accidentia.

245 1607 276 1661 et
286 1592 467 1657 substautias
485 1593 536 1654 uni
552 1590 690 1653 scientiae
706 1586 887 1663 attribuens,
912 1588 968 1653 alia
983 1610 1054 1676 pars
1070 1590 1200 1675 ejusdem
1216 1589 1261 1657 di·

245 1710 386 1796 seiplinae
401 1707 628 1784 demonstretur,
650 1706 707 1770 alia
719 1727 779 1770 non
793 1705 1011 1770 demonstretur
1026 1718 1150 1792 apparet
1174 1730 1210 1773 ex
1224 1707 1259 1773 B.

246 1847 271 1889 e.
285 1826 322 1901 ll,
340 1823 418 1890 997²
435 1821 488 1887 30.
511 1823 541 1884 si
556 1826 616 1903 μὲν
636 1818 698 1906 γὰρ
722 1822 777 1907 τῆς
796 1817 908 1907 αῦτῆς,
932 1817 1141 1908 ἀποδεικτική
1156 1846 1203 1898 υις
1218 1824 1260 1889 ἆυ

246 1942 363 2024 εἴηκαὶ
380 1935 399 2023 ἢ
416 1941 470 2022 τῆς
487 1929 608 2011 οῦσίας.
641 1937 705 2004 Ηοο
725 1941 800 2002 enirn
820 1951 883 2002 tum
899 1937 1015 2002 dentum
1040 1939 1176 2004 concludi
1193 1952 1259 2027 pot·

247 2069 300 2131 est,
318 2057 342 2119 si
360 2057 425 2143 quis
443 2055 572 2117 omnium
586 2055 674 2118 unius
687 2052 859 2141 discipliuae
870 2056 999 2139 partium
1012 2058 1124 2141 pariter
1140 2057 1260 2122 demon·

246 2176 417 2238 strationem
435 2162 497 2238 esse
514 2174 659 2236 sumserit.
690 2171 766 2236 Hinc
779 2171 916 2236 facillima
928 2171 962 2236 fit
974 2172 1139 2239 emendatio
1154 2173 1185 2236 ελ
1197 2168 1259 2261 γὰρ

126 2366 131 2384 ι
245 2287 299 2369 (sc.
317 2292 457 2373 καὶπερὶ
472 2282 513 2350 τοὶ
530 2286 773 2371 συμβεβηκότα),
790 2290 863 2373 περί
876 2310 912 2368 ys
924 2286 964 2350 noi
983 2333 1033 2352 ...
1056 2289 1165 2357 Verbis
1184 2294 1259 2357 enitu

245 2399 349 2488 eiydp
373 2406 521 2490 posterior
535 2416 649 2468 tanturn
674 2403 859 2470 dillemmatis
882 2427 950 2492 pars
973 2407 1014 2470 ita
1035 2410 1201 2494 respicitur,
1226 2422 1260 2475 ut

244 2523 303 2588 hoc
319 2522 384 2586 loeo
401 2521 546 2608 particula
562 2522 582 2606 ἢ
597 2521 725 2587 medium
743 2521 890 2609 quendam
906 2523 1004 2588 iocum
1019 2526 1096 2590 inter
1112 2527 1255 2590 solemnes

244 2642 316 2704 istas
333 2638 563 2722 significationes
580 2650 609 2700 et
624 2641 865 2722 interrogationis
882 2650 911 2701 et
929 2644 1132 2725 responsionis
1147 2654 1255 2707 teneat.

302 2751 402 2816 1062t
412 2750 464 2818 26.
479 2749 547 2814 inst
557 2747 662 2817 οὖνού
674 2746 789 2817 λευκὸν
799 2755 940 2832 γίγνεται
952 2753 1068 2820 λευκοῦ
1077 2757 1189 2832 τελέως
1198 2753 1255 2821 ὅκ-

245 2891 298 2944 τος
312 2872 368 2932 καὶ
381 2863 508 2958 οὐδαμῇ
522 2863 565 2954 μὴ
582 2867 712 2944 λευκοῦ,
734 2868 794 2934 νῦν
811 2869 847 2934 δὲ
861 2875 1071 2958 γεγενημένου
1086 2870 1129 2960 μὴ
1146 2869 1259 2940 λευκὸν

244 2980 377 3064 γίγνοιτ’
394 2981 436 3047 ἄν
452 2983 486 3048 ἐκ
508 2982 551 3071 μὴ
569 2981 662 3061 ὄντος
683 2983 799 3050 λευκοῦ
813 2982 849 3050 τῦ
866 2988 1056 3069 γιγνόμενον
1069 2985 1113 3072 μῦ
1136 2989 1260 3054 λευκόν.

244 3100 345 3166 Verba
378 3122 449 3166 sene
484 3105 703 3168 intricatissima
738 3105 836 3166 nescio
867 3123 903 3164 an
932 3103 988 3166 hae
1016 3105 1131 3166 ratione
1160 3109 1259 3168 sanari

243 3219 374 3303 possint:
403 3215 471 3278 ἐπεὶ
495 3212 554 3281 οῦν
578 3263 586 3279 .
607 3263 614 3278 .
634 3262 641 3278 .
661 3263 668 3279 .
691 3214 814 3291 λευκοῦ,
839 3215 898 3279 υῦυ
922 3214 958 3278 de
980 3217 1191 3299 γεγενημένου
1214 3213 1256 3304 μὴ
1361 3227 1366 3238 “

245 3330 373 3405 λευκοῦ,
401 3329 532 3411 γίγνοιτ’
556 3335 600 3399 ἄν
622 3331 656 3397 ἐκ
685 3329 728 3418 μή
759 3327 853 3403 ὄντος
880 3328 923 3417 μὴ
937 3416 939 3420 Ι
953 3330 1068 3397 λευκοῦ
1090 3328 1126 3398 τὸ
1150 3335 1258 3415 γιγνό-

164 3537 167 3543 Ι
243 3469 342 3531 μενον
364 3442 406 3532 μὴ
432 3446 555 3512 λευκόν.
596 3445 763 3537 »Siquidem
788 3467 834 3510 res
858 3469 918 3513 uon
943 3450 1008 3516 alba
1032 3451 1066 3516 fit
1082 3451 1128 3540 vel
1152 3475 1190 3518 ex
1213 3473 1256 3526 ea,

245 3586 320 3651 quae
349 3566 468 3628 omnino
499 3563 564 3626 alba
596 3587 648 3628 nee
677 3565 736 3630 ulla
767 3585 804 3628 ex
835 3579 918 3652 parte
948 3569 1032 3653 nigra
1060 3568 1175 3644 fuerit,
1204 3563 1256 3629 sed

132 3681 135 3694 '
159 3675 163 3686 ’
243 3701 322 3744 nuno
347 3679 462 3744 demum
486 3681 570 3766 nigra
592 3682 683 3758 facto
707 3681 761 3759 sit3
785 3682 816 3746 id
841 3682 922 3770 qnod
946 3683 1063 3769 nigrum
1088 3683 1257 3749 factumest

245 3819 283 3860 ex
306 3820 356 3873 eo,
387 3796 468 3884 quod
497 3817 557 3858 non
580 3798 697 3882 nigrum
719 3799 834 3876 suerit,
858 3796 990 3885 prodit·
1043 3800 1087 3864 De
1109 3798 1257 3884 particula
1314 3807 1322 3815 '

245 3908 281 3974 δὲ
303 3932 359 3996 pro
384 3908 470 3976 attat
493 3927 564 4000 post
586 3917 773 4001 negationem
789 3915 856 3981 vide
872 3914 976 3981 Waitz
993 3937 1056 4002 org.
1073 3914 1099 3991 l,
1124 3936 1154 4001 p.
1173 3913 1255 3996 3053
