2962 4770
686 360 844 464 je—

255 543 368 609 firmius
393 555 608 632 argumentum.
644 543 759 610 Etenim
784 547 809 608 si
833 544 991 610 dictionem
1014 543 1157 610 librorum
1179 557 1273 610 meta·

226 707 231 718 ,
255 660 449 746 physicorum
472 654 550 725 iuter
572 681 603 725 se
627 664 911 746 comparaverimus,
937 673 995 725 tres
1019 659 1111 725 libros
1128 646 1222 726 ΑΒ.
1236 665 1291 724 lc
1361 677 1363 680 ·

255 775 343 861 longe
367 779 470 840 ceteris
495 779 691 841 concinnitate
716 789 752 840 et·
768 775 912 841 munditia
936 776 1077 841 excellcre
1092 775 1271 842 videbimus.

258 890 415 972 Quomodo
445 891 502 955 hoe
532 894 563 954 in
589 891 666 956 libro
689 895 725 954 K.
750 891 956 976 explicandum
980 893 1032 968 sit,
1064 890 1153 964 modo
1177 891 1278 975 expli*

257 1009 379 1083 ruimus,
405 1007 505 1071 eadem
529 1021 626 1072 autem
649 1011 726 1070 ratio
749 1005 787 1070 ad
809 1007 917 1070 librum
934 1011 974 1069 B.
997 1006 1149 1070 transferri
1174 1004 1273 1070 debet.

206 1137 209 1140 “
256 1121 329 1185 Nam
359 1122 438 1186 unde
466 1122 575 1188 fectum
606 1112 665 1198 est,
694 1135 728 1186 ut
757 1121 832 1186 liber
853 1127 894 1184 B.
917 1135 977 1187 tam
1000 1123 1093 1209 polite
1117 1144 1151 1185 ac
1173 1122 1276 1185 limate

257 1240 442 1324 conscriptus
459 1239 518 1302 siti
540 1239 645 1304 Nonne
663 1239 780 1310 occasio
796 1261 873 1302 nova
891 1237 1063 1322 adjiciendi,
1087 1259 1166 1302 nova
1182 1239 1275 1301 inter·

256 1353 402 1438 ponendi,
426 1354 505 1419 unde
528 1357 635 1419 multas
659 1356 903 1419 inconcinnitates
927 1355 987 1418 rell.
1009 1353 1153 1418 librorum
1179 1351 1275 1438 expli-

257 1469 365 1532 candas
389 1491 452 1533 esse
477 1469 640 1545 docuimus,
670 1471 762 1533 multo
786 1471 881 1553 major
903 1468 959 1532 fuit
981 1471 1010 1530 in
1035 1468 1111 1532 libro
1127 1472 1168 1530 B.
1191 1468 1275 1531 solu·

255 1583 389 1647 tionibus
413 1587 619 1670 quaestionum
643 1583 828 1670 praemisso?
853 1581 936 1648 Unde
959 1585 1051 1670 igitur
1074 1586 1215 1647 concinna
1242 1594 1274 1646 et

138 1687 151 1782 ’ἲ
255 1701 348 1786 polita
373 1698 462 1763 dictio
493 1700 582 1785 hujus
605 1699 696 1764 libri?
733 1687 800 1762 Non
824 1699 954 1776 aliunde,
987 1698 1090 1775 credo,
1122 1711 1211 1784 atquc
1235 1720 1274 1761 ex

256 1815 345 1878 altera
375 1837 460 1889 cura,
493 1837 579 1900 quarn
603 1815 656 1878 Ar.
681 1815 750 1877 huic
782 1815 858 1878 libro
882 1817 1048 1901 impertitus
1072 1826 1124 1878 est.
1172 1815 1272 1900 Atque

255 1931 328 1992 haee
353 1951 398 1992 res
422 1949 478 1992 nos
502 1927 622 1992 deducit
646 1929 683 1992 ad
708 1943 868 1994 extremam
895 1933 1097 2016 quaestionem
1120 1927 1156 1994 de
1172 1937 1273 2014 poste

255 2045 336 2108 riore
365 2057 447 2129 parte
478 2047 563 2130 primi
587 2042 655 2107 libri
684 2046 746 2107 sive
771 2044 806 2107 de
830 2067 916 2130 capp.
937 2045 1066 2109 lii-X.
1112 2043 1187 2108 Nam
1211 2020 1271 2107 ndu

256 2159 345 2223 modo
370 2173 415 2224 ter
430 2163 460 2223 iu
483 2161 560 2225 libro
576 2165 617 2222 Β.
632 2153 725 2240 (9951)
739 2157 791 2235 32,
817 2157 896 2224 996b
912 2157 942 2235 8,
968 2157 1047 2224 997δ
1063 2157 1096 2241 3)
1114 2160 1185 2224 haee
1201 2179 1268 2244 pars

256 2276 325 2340 libri
340 2265 388 2338 A,
408 2279 529 2352 citatur,
555 2276 607 2338 sed
631 2277 671 2338 ita
696 2295 815 2360 quoqne
838 2274 990 2351 laudatur,
1017 2288 1053 2338 ut
1076 2276 1106 2337 hi
1130 2275 1188 2339 loci
1211 2296 1270 2376 non

220 2400 226 2404 ’
255 2393 360 2455 leviter
383 2389 488 2475 adjecti
519 2411 582 2455 esse
604 2390 775 2466 videantur,
806 2390 857 2454 sed
889 2411 953 2454 cum
983 2389 1047 2454 tota
1071 2388 1271 2476 disputatione

256 2509 388 2571 contexti
417 2508 476 2570 sint
491 2499 520 2588 ¹).
566 2505 599 2570 ld
626 2509 717 2594 igitur
741 2520 852 2571 certum
877 2519 936 2582 est,
968 2506 1021 2569 Ar.
1046 2507 1101 2568 hos
1125 2506 1215 2570 libros
1238 2508 1268 2566 in

255 2622 385 2687 secunda
415 2643 486 2687 eura
513 2625 556 2685 ita
585 2621 742 2706 disponere
765 2623 911 2697 voluisse,
943 2633 976 2684 ut
998 2623 1159 2707 toti'operi
1183 2641 1268 2704 prae·

79 2763 86 2780 ‚
144 2785 153 2804 ,
232 2748 381 2824 -poneret
403 2735 522 2821 plenum
546 2734 652 2798 librum
668 2742 712 2798 A.
755 2739 797 2802 At
820 2758 898 2800 nunc
922 2741 1114 2801 necessarium
1137 2733 1206 2807 suit,
1231 2743 1265 2794 ut

257 2853 380 2917 extremi
408 2840 533 2916 libriin
564 2850 648 2916 aliam
679 2850 803 2916 sormam
831 2853 1051 2938 redigerentur3
1082 2857 1111 2914 in
1137 2846 1265 2936 perfecto

256 2971 332 3032 enirn
357 2989 446 3053 opere
470 2966 593 3032 eundern
617 2979 775 3032 tractatum
800 2972 937 3031 iteratum
956 2967 1025 3031 ierri
1047 2969 1178 3054 nequire,
1204 2966 1269 3051 quis

257 3096 309 3158 est,
328 3085 398 3170 quin
416 3081 579 3146 concedat?
603 3083 757 3146 Praeterea
775 3081 936 3166 disputatio
953 3084 1134 3170 reliquorum
1150 3062 1267 3168 quoque

254 3197 398 3262 librorum
423 3201 484 3261 sine
509 3195 601 3258 dubio
618 3196 799 3261 immutanda
815 3195 880 3260 suit.
915 3196 989 3260 Nam
1007 3197 1135 3262 inlibris
1153 3197 1270 3258 Ιῖ-Ν.

170 3327 174 3336 ’
214 3373 215 3378 ,
256 3315 416 3397 numquam
446 3308 677 3397 disputationem
703 3313 1016 3400 quatuor‘generibus
1041 3333 1195 3377 causarum
1219 3311 1271 3374 ad·

255 3427 346 3504 necti,
373 3430 461 3492 immo
485 3449 557 3490 vero
582 3447 709 3492 summas
734 3450 838 3492 causas
863 3428 900 3492 ad
925 3442 1058 3493 aeternas
1082 3441 1111 3492 et
1134 3431 1268 3491 immotas

255 3543 436 3608 substantias
459 3540 612 3607 transferri
629 3543 766 3608 vidimus.
803 3546 856 3608 Ar.
880 3547 972 3631 igitur
992 3547 1021 3607 iu
1046 3531 1175 3608 secunda
1199 3561 1268 3608 cura

255 3671 385 3746 quatuor
408 3680 561 3724 causarum
586 3681 693 3746 genera
718 3657 912 3744 disputationi
936 3664 1067 3724 intexere
1091 3659 1203 3735 debuit,
1234 3679 1274 3720 ne.

257 3824 266 3832 κ
318 3825 467 3838 ..---.,.-....

313 3922 331 3988 ¹)
354 3922 440 3975 Minus
460 3931 526 3976 certa
546 3920 691 3988 conjunctio
711 3921 836 3975 librorum
848 3929 879 3974 A.
900 3929 925 3974 et
942 3928 977 3975 K.
998 3930 1045 3985 esi,
1064 3921 1137 3973 utin
1157 3937 1208 3990 quo
1228 3938 1269 3975 se·

254 4017 305 4073 mel
324 4025 421 4073 tantum
441 4020 519 4092 idqne
537 4020 563 4070 in
583 4018 688 4072 exordio
706 4017 766 4072 libri
785 4017 864 4073 altera
881 4035 939 4087 pars
956 4017 1016 4070 libri
1030 4023 1063 4071 A.
1080 4019 1238 4090 respiciatur.
