2910 4778
270 546 346 609 euim
370 543 439 608 bnie
462 542 518 606 soli
539 553 714 626 argumento
729 563 776 606 me
790 563 854 614 nou,
867 541 1014 610 conlidere
1029 545 1158 630 ingenue
1174 544 1281 628 lateor,

270 657 394 750 singulis
409 671 505 724 autem
521 661 550 721 iu
566 659 639 722 locis
655 658 870 744 pertractandis
885 659 971 745 plnra
987 675 1160 744 argumenta
1173 664 1281 731 addere

270 779 382 864 cogito,
406 774 485 840 unde
507 774 694 861 probabilior
710 786 787 839 certe
811 774 883 840 hacc
906 779 1051 842 sententia
1067 778 1184 844 evadat.
1219 781 1279 848 Sed

271 916 336 960 eum
358 894 405 956 bis
429 890 613 956 excutiendis
636 890 684 955 bic
707 890 832 956 idoneus
856 891 939 956 locus
962 914 1022 956 uon
1045 915 1110 958 esse
1133 896 1279 976 videatur,

267 1008 404 1076 mox-ad
427 1009 502 1072 banc
523 1029 584 1071 rem
608 1028 766 1072 mcurram.

302 1213 305 1217 Ι
335 1125 421 1190 Nunc
445 1124 484 1189 ad
506 1126 694 1212 quaestiones
718 1123 754 1188 dc
777 1124 954 1216 auctoritate
977 1123 1044 1190 cod.
1061 1125 1103 1190 Al
1125 1140 1154 1192 ct
1176 1127 1213 1192 de
1234 1151 1281 1194 ra·

269 1245 350 1308 bone
366 1240 519 1306 codicibus
534 1261 600 1306 curn
616 1240 767 1306 veteribus
783 1240 1064 1307 commentatoribus
1083 1244 1281 1312 intercedente

269 1358 432 1424 redeamus.
1050 1343 1053 1349 ¹

336 1473 436 1562 Atque
459 1473 586 1560 primum
600 1475 632 1536 in
646 1475 832 1548 universum,
858 1493 917 1560 qua
931 1475 1148 1541 necessitudine
1164 1475 1278 1542 codices

270 1613 371 1656 omues
394 1603 424 1654 et
438 1602 553 1662 veteres
575 1601 830 1666 commentatores,
855 1589 1026 1656 Alexander
1040 1595 1183 1679 inprimis,
1208 1613 1279 1656 con·

264 1710 361 1794 juncti
384 1709 452 1784 sint,
477 1707 675 1792 exploremus.
710 1705 797 1769 Prius
820 1718 918 1770 tamen
934 1729 1028 1792 pauca
1047 1709 1175 1794 preclari
1191 1708 1278 1773 uobis

269 1823 369 1897 liceat,
399 1843 457 1909 qua
479 1824 594 1885 ratione
616 1820 767 1886 veteribus
791 1823 1073 1889 commentatoribus
1096 1825 1280 1912 adjuvemur,

269 1951 304 2004 ut
318 1959 378 2002 nou
394 1937 483 2001 modo
500 1936 536 2000 de
552 1942 732 2023 praestantia
747 1939 934 2026 singularum
948 1939 1109 2006 lectionum
1124 1941 1176 2006 sed
1193 1945 1278 2008 etiam

270 2054 306 2120 de
329 2057 467 2120 universa
489 2052 623 2119 codicum
648 2054 746 2120 indole
760 2055 878 2119 ¹rectius
897 2056 1074 2141 judicemus.

337 2170 412 2237 Cum
441 2173 516 2235 cuim
538 2173 616 2236 iuter
639 2174 869 2237 vetustissimum
894 2185 924 2236 et
947 2171 1166 2236 celeberrimum
1189 2172 1280 2236 inter·

269 2301 380 2374 protem
408 2287 611 2352 Alexandrum
639 2287 903 2374 Aphrodisiensem
932 2301 961 2352 et
991 2289 1172 2374 posteriores
1200 2287 1281 2352 Tbe-

270 2407 396 2469 mistium
419 2403 590 2490 Asclepium
614 2403 832 2493 Syriauumque
860 2409 988 2493 spatium
1017 2406 1106 2468 trium
1136 2405 1196 2469 lere
1219 2425 1282 2468 sae·

270 2521 402 2585 culorum
418 2520 602 2605 interjectum
618 2524 666 2598 sit,
683 2524 713 2586 in
730 2525 766 2586 iis
781 2521 863 2598 locis,
881 2520 933 2586 ubi
952 2521 1033 2608 quid,
1054 2522 1092 2586 ab
1109 2518 1280 2586 Alexandro

270 2639 425 2713 omissum,
451 2658 469 2698 a
491 2637 707 2700 recentioribus
732 2637 874 2700 orationis
899 2634 1063 2702 lnlcieudae
1087 2659 1175 2703 causa
1198 2634 1281 2699 addi·

269 2767 331 2817 tum
355 2764 408 2828 cst,
433 2763 486 2816 aut
502 2751 601 2828 verba,
628 2751 664 2816 ab
689 2751 739 2816 illo
763 2752 910 2839 implicate
933 2757 1031 2831 citata,
1056 2753 1093 2818 ab
1117 2753 1163 2815 his
1185 2754 1214 2814 iu
1232 2771 1281 2815 so-

269 2870 437 2934 lemniorem
463 2867 579 2932 dicendi
601 2869 744 2933 rationem
769 2889 912 2934 conversa
936 2883 1020 2947 suut,
1045 2868 1281 2955 interpolationis

269 2989 400 3072 suspicio
424 2986 523 3072 aliquo
547 3005 608 3047 uon
631 2983 698 3048 dico
722 2997 802 3050 certo
827 2999 858 3050 at
884 2985 1032 3072 probabili
1056 2999 1154 3050 tamen
1176 2982 1282 3048 lunda-

269 3115 368 3167 mcuto
396 3104 509 3168 nititur.
555 3102 603 3198 En
632 3104 778 3166 contraria
807 3113 905 3188 parte,
934 3102 959 3162 si
987 3119 1063 3184 quae
1085 3099 1178 3162 verba
1201 3095 1281 3180 apud

268 3218 472 3284 Alexandrum
496 3230 574 3282 tersa
596 3217 764 3304 nitidaque,
789 3216 869 3304 apud
891 3217 1071 3302 posteriores
1095 3212 1223 3277 obscura
1247 3231 1281 3274 ac

269 3334 411 3421 perplexa
433 3332 608 3410 laudantur,
633 3337 747 3398 animus
770 3337 799 3397 iu
822 3330 1060 3418 interpolationis
1083 3331 1281 3417 suspicionem

269 3470 436 3536 propensus
458 3450 569 3513 retrahi
593 3448 690 3514 debet.
725 3451 805 3514 Haec
829 3451 920 3536 igitur
939 3470 993 3514 res.
1009 3449 1038 3512 iu
1063 3447 1186 3543 siugulis
1209 3445 1282 3507 locis

271 3569 408 3631 acerrime
432 3564 610 3629 attendenda
634 3578 692 3641 cst;
718 3565 759 3630 ad*
779 3564 915 3631 codicum
938 3578 1035 3628 autem
1052 3561 1179 3624 indolem
1196 3559 1282 3621 aesti-

270 3681 405 3746 mandam
428 3693 542 3768 spectat
557 3679 630 3764 haec
651 3683 751 3746 altera.
785 3683 851 3748 lam
868 3676 1036 3746 Alexander
1058 3679 1180 3762 ejusque
1202 3687 1283 3739 aute-

271 3819 401 3862 cessores
430 3797 608 3881 conjecturis
637 3799 799 3882 ingeniosis
826 3799 989 3884 plerisque,
1020 3792 1157 3856 omuibus
1185 3803 1282 3856 autem

270 3933 384 3976 summa
405 3934 470 3978 cum
492 3915 630 3979 cautione
653 3911 868 4000 timiditathue
885 3907 1010 3996 quadam
1029 3908 1153 3996 prolatis
1168 3919 1283 3972 textum
