2910 4778
708 453 858 462 ...ω-...-

278 541 388 610 aneia
410 543 465 630 τῆς
486 543 637 624 γενέσεως
659 535 695 606 τὸ
718 539 915 626 γιγνόμενον,
940 536 1025 640 attat
1049 537 1130 627 perd
1154 539 1213 632 τὴν
1233 548 1291 627 γέ.

278 678 374 728 νεσιν.
419 660 471 727 Ar.
497 681 562 725 cnm
587 659 647 724 duo
671 679 778 745 genera
801 660 998 746 generationis
1023 659 1222 740 distinxisset,
1247 664 1290 730 al.

279 791 387 856 terum,
425 798 484 865 quo
521 775 593 865 quid
627 774 663 840 ad
697 774 899 862 perfectiorem
929 787 1039 841 statum
1068 778 1288 868 progrediatur,

278 896 385 960 inverti
409 889 497 982 po'sse
520 905 624 981 negat3
655 891 736 979 qnod
760 904 794 955 ut
816 890 972 977 probaret,
1005 892 1134 960 addidit:
1166 889 1289 984 οὐγὰρ

278 1014 431 1090 ripen...
460 1010 512 1094 His
537 1012 566 1073 in
589 1007 688 1074 verbis
712 1007 897 1095 explicandis
921 1021 950 1072 et
972 1021 1085 1074 veteres
1110 1025 1290 1078 commenta·

279 1140 358 1192 tores
382 1137 411 1192 et
427 1127 582 1192 Bonitaius
606 1124 761 1190 discrimen
777 1127 806 1188 in
822 1125 1094 1211 praepositionibus
1111 1127 1146 1206 ἐξ
1162 1141 1190 1193 et
1206 1123 1288 1212 perd

279 1243 455 1308 collocatum
479 1218 555 1308 esse·
573 1244 627 1307 rati
652 1244 693 1306 ita
709 1241 802 1306 verba
826 1241 1011 1328 explicuere:
1032 1265 1079 1308 res
1102 1247 1179 1310 enim
1201 1267 1289 1334 gene·

278 1371 342 1424 rata
366 1380 427 1423 non
451 1382 489 1425 ex
510 1362 577 1445 ipso
601 1361 799 1444 generationis
827 1379 971 1444 processu
1000 1358 1052 1424 sed
1075 1374 1146 1447 post
1167 1383 1287 1448 genera·

278 1477 387 1540 tionem
412 1475 570 1562 perfectam
594 1473 704 1560 prodit.
752 1472 812 1538 Sed
838 1486 872 1539 ut
895 1473 931 1540 de
955 1475 1012 1540 hoe
1035 1480 1281 1564 praepositionum

278 1589 314 1668 ἒξ
343 1604 371 1656 et
404 1585 485 1674 perd
516 1590 683 1656 discrimine
711 1589 758 1654 vel
786 1591 913 1654 maxime
944 1605 1051 1682 arguto
1081 1592 1191 1668 sileam,
1225 1590 1280 1656 hac

277 1711 392 1774 ratione
415 1730 591 1796 numquam,
616 1729 669 1772 eur
683 1706 814 1772 'aiterum
837 1729 931 1794 genus
954 1731 1015 1774 non
1039 1711 1208 1785 invertatur,
1233 1727 1285 1772 ex·

277 1823 380 1910 plicari
403 1837 512 1910 potest.
553 1823 632 1908 Quid
655 1823 752 1888 enim?
775 1822 881 1888 Nonne
906 1847 982 1912 aqua
1007 1839 1036 1890 et
1059 1829 1123 1913 ipsa
1145 1837 1216 1912 post
1238 1843 1287 1910 ge·

278 1942 460 2005 necationem
491 1939 648 2028 perfectam
677 1939 836 2025 provenit?
874 1940 935 2006 Nec
963 1963 1058 2006 novae
1081 1945 1138 2016 rei,
1169 1940 1205 2004 da
1228 1957 1287 2024 qna

279 2056 433 2122 Bonitzius
463 2057 555 2135 dicit,
579 2057 671 2121 ulium
699 2058 856 2144 vestigium
885 2059 914 2121 in
939 2056 990 2121 Ar.
1015 2053 1113 2118 verbis
1144 2052 1287 2140 indagare

277 2194 410 2260 possum.
456 2173 601 2263 Equidem
630 2176 736 2260 igitur,
772 2172 841 2238 dum
871 2176 936 2261 quis
963 2170 1110 2236 meliorem
1141 2173 1288 2256 interpre-

278 2291 420 2354 tationem
444 2289 560 2366 afferat,
589 2311 647 2353 nna
671 2290 755 2355 litera
786 2289 845 2355 »d‘
875 2288 1026 2373 interjecta
1050 2288 1132 2374 lego:
1162 2277 1203 2350 ori
1224 2278 1287 2372 γὰρ

275 2408 418 2484 γίγνεται
441 2403 475 2470 ἐκ
495 2403 715 2490 nigrantesne
730 2399 765 2472 τὸ
781 2404 979 2490 γιγνόμενον,
1003 2398 1109 2468 ettttt
1125 2398 1191 2466 ἔστι
1205 2396 1286 2484 perd

213 2581 216 2590 ,
277 2515 336 2606 την
357 2523 489 2601 γένεσιν.
524 2516 568 2586 Td
592 2520 782 2610 γιγνόμενον
806 2544 872 2588 eum
895 2545 956 2588 rem
980 2520 1018 2586 ad
1042 2520 1163 2585 aiteram
1186 2515 1288 2583 condi·

277 2639 388 2704 tionem
411 2638 577 2704 tendentem
602 2638 736 2727 designet
759 2633 800 2718 (v.
818 2634 870 2702 25.
896 2631 939 2709 ὡς
961 2633 996 2700 ἐκ
1018 2633 1077 2698 τοῦ
1097 2634 1287 2718 γιγνομένου

277 2747 313 2816 ed
337 2750 494 2836 γεγονός),
526 2754 574 2820 hic
598 2753 658 2820 iere
681 2776 785 2821 sensns
809 2751 923 2819 evadit:
956 2771 1052 2840 neque
1076 2752 1151 2816 enirn
1177 2772 1216 2816 ex
1237 2771 1285 2838 ge·

277 2873 430 2936 neratione
460 2869 562 2958 prodit
590 2891 623 2936 ea
650 2895 712 2949 res,
745 2892 826 2961 quae¹
844 2869 881 2936 ad
905 2870 993 2936 alium
1017 2861 1126 2935 stitum
1149 2869 1286 2946 smntnr,

277 2990 296 3053 Ι.
315 3010 338 3051 e.
361 2995 452 3062 παῖς,
475 2985 527 3051 sed
546 3007 588 3064 ea,
614 3009 688 3077 quae
711 3001 782 3076 post
805 2988 1025 3074 generationem
1047 2989 1092 3048 sit
1114 2987 1134 3050 i.
1152 3007 1176 3050 e.
1197 2979 1288 3068 ἀνήρ.

277 3102 308 3166 ln
333 3102 424 3168 altero
449 3105 525 3167 enim
552 3103 750 3188 generationis
774 3121 880 3185 genere
904 3112 1030 3186 utraque
1053 3122 1124 3185 pars
1146 3095 1189 3182 (ct
1211 3121 1288 3188 aqua

277 3232 306 3283 et
329 3217 391 3298 atr)
415 3220 445 3280 in
470 3228 602 3280 naturam
628 3217 747 3283 alterius
772 3219 864 3304 partis
887 3217 1009 3294 transit,
1033 3218 1063 3280 in
1081 3217 1173 3284 attero
1191 3228 1288 3284 antem

276 3335 362 3419 prior
391 3333 594 3400 tantummodo
624 3355 693 3422 pars
723 3333 760 3401 ad
784 3333 978 3420 posteriorem
1002 3355 1055 3398 nec
1078 3334 1228 3420 posterior
1250 3331 1288 3398 ad
1367 3383 1370 3386 .

278 3450 405 3536 priorem
430 3449 534 3515 tendit.
1086 3517 1087 3522 ,

344 3563 423 3630 999ἃ
442 3563 493 3628 33.
519 3561 564 3628 ἔτι
586 3565 616 3630 εἰ
637 3565 687 3632 doe
704 3565 844 3652 μάλιστα
860 3563 925 3630 ἔστι
940 3587 970 3630 cs
985 3560 1075 3649 παρὰ
1088 3559 1124 3628 cd
1141 3563 1288 3640 σύνολον,

278 3677 357 3744 ὅταν
386 3681 592 3772 κατηγορηθῇ
615 3705 645 3746 τι
667 3681 721 3767 τῆς
743 3681 835 3768 ὕλης,
865 3677 1017 3766 πότερον,
1046 3680 1075 3743 et
1096 3678 1181 3746 ἔστιν
1203 3679 1289 3772 eddde

278 3819 322 3871 ce,
351 3791 441 3884 παρὰ
470 3796 577 3862 πάντα
608 3796 659 3862 δεῖ
684 3799 770 3864 ἐἶναί
795 3824 840 3878 ce,
869 3792 1004 3884 ἢπαρᾶ
1027 3793 1289 3881 piniatarium

278 3909 368 3998 παρὰ
393 3913 424 3977 d’
437 3909 509 3980 ἔνια
530 3909 691 4001 nichae,
715 3915 735 4003 ἢ
755 3927 834 4002 παρ’
846 3907 964 3992 eddim
988 3914 1018 3978 si
1032 3917 1092 3998 pia
1106 3911 1166 3981 οὖν
1181 3916 1289 4002 μηθέν
