2962 4770
704 374 863 476 ..J-⁰..

280 557 409 624 indicata
425 555 657 643 negligerentur3
680 575 746 619 nam
763 554 900 640 practicis
918 551 1035 640 quidem
1052 549 1212 638 disciplinis
1227 569 1292 644 non

281 677 374 760 magis
401 676 496 759 prima
531 670 721 757 philosophia
751 691 839 757 quam
870 669 1093 736 mathematicae
1120 665 1291 753 disciplinae

281 802 442 876 praestant.
489 787 652 852 Difficultas
675 807 747 850 vero
779 798 906 873 augetur
932 785 990 850 due
1004 807 1085 873 =eap.
1109 785 1120 848 Ι
1148 797 1178 848 et
1205 783 1292 846 initio

282 926 346 991 cap.
363 905 386 967 ll
410 906 505 969 acrius
529 903 678 987 inspectis.
714 902 745 964 ln
769 902 853 965 initio
878 903 953 966 enim
976 923 1041 987 cap.
1058 901 1082 966 ll
1104 901 1157 964 Ar.
1182 897 1295 962 iudicat

282 1020 353 1084 hoc:
377 1021 476 1105 priore
500 994 596 1103 capite
619 1015 851 1080 demonstratum
875 1039 948 1092 esse,
973 1017 1132 1102 asapienti
1147 1015 1296 1100 principia

283 1133 433 1217 explorari
461 1131 583 1207 debere,
615 1130 667 1194 sed
696 1153 772 1217 quae
801 1131 848 1196 illa
871 1133 1031 1218 sapientiae
1053 1131 1200 1217 principia
1222 1129 1293 1202 sint,

282 1268 361 1312 nuuc
384 1244 621 1332 investigandum
646 1267 717 1309 esse.
765 1247 862 1333 Atque
887 1268 989 1311 omues
1012 1245 1190 1330 disciplinas,
1217 1264 1295 1328 quae

276 1363 343 1425 sint
376 1382 473 1425 rerum
502 1362 662 1447 principia,
698 1360 897 1425 demonstrare
925 1361 979 1426 Ar.
1010 1364 1041 1424 iu
1069 1363 1170 1446 priora
1197 1349 1303 1442 eapite

283 1471 489 1539 981121-12
513 1477 623 1559 optime
647 1473 853 1538 illustraverat.
889 1474 950 1540 Sed
973 1479 998 1557 si
1014 1474 1106 1539 verba
1122 1476 1243 1560 εἴρηται
1256 1511 1291 1522 -

284 1583 402 1662 πάντες
424 1591 552 1674 genuina
577 1600 683 1664 essent,
708 1588 798 1654 altera
821 1611 941 1675 quoque
963 1591 1133 1675 propositio
1150 1589 1294 1673 inpriore

285 1707 380 1789 capite
399 1704 462 1788 jam
485 1703 618 1768 coniecta
635 1716 720 1768 esset.
755 1703 815 1768 Nee
832 1705 993 1791 quidquam
1010 1705 1210 1770 excusationis
1226 1701 1296 1766 hinc

285 1839 351 1882 cuna
368 1819 504 1882 Bouitzio
529 1818 688 1903 petendum
711 1831 764 1895 est,
789 1819 871 1906 quod
887 1819 939 1884 Ar.
961 1821 1037 1884 hane
1060 1841 1119 1884 rem
1144 1821 1172 1881 in
1197 1819 1294 1902 priore

285 1934 381 2018 capite
397 1932 565 2006 contendat,
589 1934 620 1994 iu
635 1933 727 1996 altero
745 1932 933 1998 demonstret.
965 1936 1007 2000 lta
1024 1938 1099 1998 enim
1118 1930 1295 1997 insecundo

282 2050 381 2133 capita
403 2046 456 2112 Ar.
487 2047 523 2111 de
550 2047 758 2132 philosophiae
786 2049 939 2133 principiis
969 2049 1117 2135 disputat,
1147 2061 1294 2133 umquam

285 2162 429 2226 nihildum
449 2161 489 2226 'de
513 2162 568 2226 hae
592 2184 624 2226 re
640 2162 836 2246 significatum
852 2165 899 2227 sit.
937 2163 1017 2247 Quas
1033 2165 1072 2229 oh
1090 2185 1195 2237 causas
1210 2160 1296 2226 valde

255 2317 259 2320 -
287 2297 321 2340 eo
345 2277 464 2351 inclino,
488 2289 523 2340 ut
538 2275 630 2341 verba
651 2280 824 2361 εἴρηται-
838 2273 970 2358 πάντες,
994 2279 1103 2367 quibus
1120 2279 1214 2343 ethica
1230 2298 1296 2345 cum

287 2391 496 2478 metaphysicis
520 2403 779 2468 connecterentur,
805 2406 908 2478 postea
932 2395 968 2460 ab
992 2397 1045 2461 dr.
1070 2395 1173 2460 leviter
1196 2393 1297 2456 addita

286 2503 377 2570 luisse
400 2527 542 2572 censeam.
580 2505 633 2570 Sin
658 2510 723 2595 quis
747 2521 844 2574 autem
869 2509 943 2574 hanc
967 2513 1139 2576 sententiam
1157 2507 1295 2572 audacio·

286 2641 348 2685 rem
372 2643 435 2685 esse
452 2625 610 2706 putaverit,
634 2624 659 2684 is
676 2635 753 2686 certe
770 2623 911 2688 concedet
927 2628 1067 2711 majorem
1082 2621 1296 2710 interpunctio·

287 2754 354 2797 nem
378 2745 454 2796 ante
469 2733 549 2797 ὥστε
570 2734 737 2821 ponendam
761 2758 833 2802 esse.

356 2847 456 2914 100312
472 2847 523 2916 36.
548 2855 602 2913 καὶ
624 2854 688 2916 τῶν
703 2849 812 2919 ἄλλων
826 2854 890 2919 τῶν
904 2850 1060 2944 τοιούτων
1074 2858 1129 2918 sul
1143 2853 1208 2918 τῶν
1222 2849 1293 2917 τού-

286 2984 352 3036 τοις
374 2957 610 3046 ἀντικειμένων.
645 2962 761 3046 σχεδὸν
776 2967 813 3032 δὲ
835 2967 942 3032 πάντα
965 2965 1119 3049 ἀνάγεται
1140 2961 1297 3032 τοῖναντίω

287 3075 332 3150 εἰς
354 3073 412 3163 τὴν
434 3075 537 3166 ἀρχὴν
559 3077 690 3164 ταύτην.
729 3081 947 3167 τεθεωρήσθω
977 3076 1011 3147 δ’
1032 3076 1110 3167 ἡμῖν
1131 3085 1234 3147 ταῦτα
1262 3079 1299 3146 ἓν

287 3195 324 3280 τῇ
347 3190 459 3280 ἐκλογῇ
482 3198 546 3258 τῶν
569 3191 732 3260 ἐναντίων.
771 3195 871 3260 Verba
894 3199 949 3258 acui
971 3195 1034 3260 τῶν
1056 3195 1178 3272 τούτοις
1207 3192 1299 3260 ἄντι-

288 3306 441 3384 κειμένων
457 3306 494 3372 ab
511 3307 667 3373 Brandisio
690 3331 723 3374 ac
740 3310 876 3374 Bellero
899 3311 1057 3398 plerosque
1081 3312 1168 3378 codd.
1188 3314 1298 3378 secutis

288 3421 394 3486 omissa
418 3435 496 3499 sunt,
522 3427 591 3510 quia
606 3424 683 3490 inira
699 3424 814 3489 demum
831 3424 867 3489 de
883 3427 973 3494 rebus
989 3429 1135 3514 oppositis
1150 3430 1182 3490 in
1198 3425 1298 3492 eadam

287 3537 408 3602 scientia
420 3538 579 3601 tractandis
590 3539 788 3625 Andisputet
797 3538 832 3604 da
842 3539 960 3618 9-28,
974 3561 1151 3629 quamquam
1163 3543 1212 3608 illa
1223 3561 1298 3627 quo-

288 3652 397 3734 quein
421 3663 505 3736 parte
529 3653 743 3739 perplexionem
770 3654 939 3741 disputandi
964 3655 1096 3722 ordinem
1116 3681 1178 3722 esse
1194 3661 1298 3743 postda

287 3762 426 3832 dicemus.
464 3763 524 3830 Sed
547 3767 639 3830 multo
664 3768 775 3852 majore
790 3773 864 3833 vitio
889 3773 1045 3835 universus
1068 3771 1151 3834 locus
1170 3770 1297 3836 laborat.

287 3876 360 3942 Nam
393 3877 453 3967 quo
482 3878 573 3944 refers
603 3881 674 3948 illud
703 3878 806 3968 ἀρχὴν
829 3882 969 3966 ταίντηνὲ
999 3883 1197 3952 Referendum
1221 3889 1298 3952 enim
