2962 4770
695 323 854 420 mo-

263 526 342 568 mero
367 503 562 590 sphaerarum
587 501 731 568 offensum
755 523 834 578 esse,
860 517 890 568 et
912 503 1054 568 audacter
1076 495 1281 570 difficultatem

263 621 376 684 amoliri
400 632 530 683 tentasse
553 617 833 708 Pseudoalcxaunder
855 642 884 706 p.
908 617 988 694 681,
1012 618 1055 682 20
1078 618 1124 682 ed.
1149 618 1224 682 Bon.
1249 631 1281 684 ct

263 735 433 822 Simplicius
457 734 475 798 l.
494 734 512 797 l.
529 732 656 820 Pn5⁰2³
674 731 715 798 36
733 733 908 798 docuerunt.
945 733 1165 798 Multitudinem
1183 746 1282 798 autem

264 851 403 927 deorum,
434 853 463 912 in
488 847 549 928 Cic.
575 850 640 912 loco
671 861 876 925 memoratam,
909 849 946 912 ad
970 849 1092 913 eandem
1116 851 1282 936 expositio-

263 988 329 1029 nem
344 965 537 1052 sphaerarum
554 962 736 1028 referendam
752 985 815 1027 esse
827 966 888 1050 jam
905 965 1005 1050 paullo
1022 962 1164 1028 audacius
1179 969 1279 1050 posui.

262 1082 338 1148 Hinc
361 1082 528 1146 necessario
554 1092 782 1143 consentaneum
807 1101 870 1144 csse
892 1078 1065 1156 videbatur,
1091 1077 1199 1144 librum
1223 1092 1283 1144 ter·

197 1271 200 1282 ,
264 1172 340 1280 tium
362 1196 398 1261 de
421 1195 629 1282 philosophia,
661 1193 763 1258 aCic.
789 1195 925 1270 allatum,
950 1217 966 1257 a
991 1195 1065 1258 libro
1090 1195 1220 1280 metaph.
1237 1200 1281 1260 A.

236 1337 239 1342 2
263 1335 324 1378 non
349 1311 497 1376 diversum
523 1333 602 1387 essc3
626 1331 693 1377 nam
716 1312 741 1372 si
757 1310 831 1374 alius
848 1321 990 1375 tractatus
1007 1307 1137 1392 ejusdem
1158 1312 1201 1373 rei
1218 1307 1282 1376 Cic.

264 1440 293 1492 et
316 1425 470 1512 Sosigenis
499 1425 683 1510 temporibus
707 1427 883 1500 exstitisset,
918 1422 1078 1509 Sosigenes
1102 1427 1164 1488 sine
1188 1424 1282 1490 dubio

264 1544 293 1615 in
318 1539 492 1626 explicanda
516 1540 564 1602 illa
589 1538 761 1603 difficultate
779 1539 815 1604 ad
833 1540 913 1602 illum
930 1539 1019 1603 alium
1035 1551 1193 1604 tractatum
1210 1561 1284 1604 con-

144 1666 146 1676 ’
264 1656 397 1744 fugisset.
445 1654 519 1719 lllud
548 1677 617 1718 sane
647 1655 812 1732 transsilui,
845 1653 982 1740 Sosigeni
1006 1657 1036 1716 in
1060 1667 1120 1718 tam
1144 1670 1283 1724 accurata

265 1775 453 1858 expositione
475 1755 584 1834 librum
600 1771 664 1847 An,
690 1792 775 1856 quern
800 1772 1011 1855 interpretatus
1027 1762 1074 1846 sit,
1099 1770 1282 1836 laudandum

264 1887 365 1960 luisse,
389 1899 418 1950 et
440 1889 466 1948 si
487 1884 578 1948 alium
601 1884 710 1950 librum
735 1907 768 1982 ac
784 1885 918 1970 metaph.
936 1889 978 1948 A.
997 1899 1196 1962 memorasset,
1223 1888 1281 1952 hoc

265 1998 646 2083 viuPseudoalexandrnm
671 2013 699 2064 et
715 1999 899 2086 Simplicium
923 1997 1025 2086 lugere
1046 2004 1191 2084 potuisse.
1219 2000 1282 2068 Sed

265 2120 353 2184 missa
379 2119 436 2184 ista
460 2116 683 2206 quaestiuncula
706 2104 817 2202 gaudio
842 2115 989 2193 exultavi,
1020 2115 1091 2180 mihi
1116 2137 1194 2182 nunc
1217 2138 1279 2180 ccr-

265 2234 385 2304 tissimis
421 2236 601 2320 argumentis
635 2233 711 2296 illam
741 2232 820 2296 litem
849 2231 885 2296 dc
916 2229 977 2296 Cic.
1007 2231 1073 2294 loco
1102 2253 1280 2319 componere

266 2350 435 2436 contigisse,
461 2369 514 2412 nee
538 2348 672 2414 dubitavi
696 2347 838 2433 pauculas
862 2347 925 2412 illas
949 2369 1009 2423 res,
1035 2337 1110 2433 quae
1127 2341 1280 2414 concinere

264 2481 325 2526 non
350 2462 536 2540 videbantur,
561 2487 627 2528 cum
651 2462 907 2548 KrischioVelleji
929 2463 1068 2550 Epicurei
1091 2463 1202 2539 levitati
1223 2465 1286 2528 ina:

264 2591 380 2672 putare.

332 2694 574 2778 Jam‘qnaesivh
606 2694 724 2778 quinam
755 2693 814 2756 duo
843 2696 958 2779 priores
987 2693 1055 2758 libri
1078 2695 1150 2760 illins
1175 2698 1274 2781 operis

267 2807 302 2872 dc
325 2807 517 2894 philosophia
533 2805 663 2872 luerinta
684 2810 784 2895 Atque
799 2808 888 2874 Petiti
897 2803 917 2890 ¹)
941 2812 1083 2896 suspicio,
1107 2823 1165 2874 tres
1181 2809 1276 2876 libros

266 2925 396 3010 metaph.
419 2929 519 2988 MN
531 2927 573 2988 A.
597 2927 626 2986 in
651 2945 742 2988 unum
766 2946 843 3010 opus
868 2924 903 2988 de
926 2925 1118 3013 philosophia
1141 2925 1276 2992 redactos

268 3059 345 3115 esse,
370 3038 441 3102 mihi
466 3040 522 3104 hac
546 3040 581 3104 de
599 3061 688 3104 causa
704 3061 764 3102 non
780 3038 908 3123 probata
925 3051 984 3117 est,
1010 3045 1079 3128 quia
1095 3042 1163 3108 libri
1180 3048 1274 3108 MN.

267 3167 345 3218 certe
369 3156 479 3218 arctius
503 3177 569 3218 eum
593 3153 669 3218 libro
685 3158 725 3216 Β.
749 3155 900 3237 conjuncti
923 3170 1002 3222 sunt.
1039 3154 1185 3240 Titzius¹)
1207 3181 1275 3224 vero

267 3281 296 3333 et
318 3261 509 3348 Krischius')
541 3271 730 3346 sententiam,
764 3269 828 3334 illos
857 3269 950 3335 libros
974 3272 1010 3336 de
1032 3273 1224 3362 philosophia
1246 3278 1277 3340 in

266 3382 349 3448 libris
374 3383 506 3472 metaph:
519 3389 562 3450 A.
574 3389 609 3449 lt.
620 3389 663 3450 A.
679 3387 767 3454 nobis
792 3402 983 3454 conservatos
1008 3409 1080 3466 esse,
1105 3391 1177 3456 mihi
1192 3413 1278 3456 num·

266 3520 355 3586 quem
384 3499 604 3585 probaverunt,
635 3515 664 3568 et
684 3509 801 3589 'semper
824 3507 946 3572 miratus
969 3527 1035 3570 sum
1052 3501 1185 3574 'Krischii
1212 3510 1277 3592 opi·

265 3617 382 3679 nioncm
406 3617 477 3679 viris
502 3616 679 3682 doctissimis
703 3617 887 3702 probabilem
911 3623 1003 3684 visam
1028 3643 1110 3686 esse.x
1145 3621 1219 3688 Nam
1243 3634 1302 3712 utv

241 3791 246 3803 ¹
324 3782 343 3846 ¹)
367 3780 475 3834 Miscell.
495 3781 533 3834 lV
552 3799 572 3833 c.
586 3779 611 3833 9.

323 3878 342 3943 ¹)
366 3877 383 3930 l.
397 3877 414 3930 l.
433 3895 457 3946 p.
471 3874 613 3930 70-113.

278 4047 280 4050 v
322 3972 342 4040 ¹)
366 3972 384 4025 l.
397 3970 413 4026 l.
433 3991 457 4044 p.
470 3971 532 4039 270,
545 3971 606 4028 271,
