2962 4770
629 389 790 492 Q

205 575 296 641 libros
307 576 396 638 Ζ.Η.
411 574 596 688 conscriptos
613 593 685 650 esse,
703 575 751 636 cui
766 575 808 638 rei
824 593 963 660 magnum
979 571 1119 660 ponderis
1135 575 1218 642 addit

166 728 168 740 ·
205 713 366 757 consensus
390 687 537 754 Brundisii
562 683 790 775 Bonitziique¹).
831 687 891 754 Sed
921 711 981 755 non
1011 693 1123 757 minora
1148 693 1216 777 jure

204 808 327 874 eandem
355 811 498 871 rationem
529 804 566 869 ad
592 805 699 870 librum
731 808 757 868 Ι.
790 803 1009 870 transferemus.
1055 806 1108 872 Ar.
1141 811 1217 872 enim

204 929 244 992 Ν.
267 925 321 989 c.l
346 921 444 988 1087b
458 919 590 987 30-33
615 920 768 1019 contendit
790 921 889 998 abiis,
915 924 965 1009 qui
984 923 1127 987 unitatem
1143 925 1217 988 mul·
1326 1007 1331 1018 ι

119 1079 125 1090 ·
205 1040 324 1106 titudini
354 1051 524 1128 opponant,
555 1041 695 1102 unitatem
723 1041 902 1124 paucitatem
926 1030 1124 1121 (ὀλιγότητα)
1154 1061 1217 1105 esse

205 1155 325 1222 concedi
355 1156 471 1222 debere.
518 1155 561 1219 At
587 1154 664 1218 idem
688 1153 740 1218 Ar.
766 1177 819 1241 por
842 1165 938 1220 totum
960 1153 1028 1218 libri
1044 1158 1071 1218 Ι.
1095 1177 1159 1242 cap.
1178 1156 1218 1220 Vl

204 1273 353 1338 subtiliter
373 1273 532 1348 docuerat,
562 1269 713 1358 quomodo
737 1269 810 1336 baec
833 1271 985 1336 conclusio
1009 1284 1088 1337 recte
1112 1275 1217 1338 evitari

205 1402 316 1476 posset.
362 1388 415 1453 Sin
440 1390 506 1475 quis
535 1399 633 1452 autem
657 1387 732 1451 hanc
762 1407 822 1452 rem
848 1389 878 1450 in
902 1387 979 1452 libro
1002 1392 1042 1452 N.
1066 1386 1216 1454 dialectice

204 1504 243 1569 ad
263 1505 373 1592 placita
396 1505 633 1569 adversariorum
656 1502 859 1590 impugnanda
883 1503 1062 1591 disputatum
1087 1526 1150 1569 esse
1173 1504 1216 1568 di·

174 1609 296 1696 'xerit‚
322 1623 375 1684 vix
397 1643 514 1685 omnem
538 1619 740 1684 difficultatem
757 1619 849 1681 tollet.
884 1619 999 1682 Etenim
1016 1621 1068 1684 Ar.
1086 1620 1216 1684 inlibris
1266 1625 1269 1638 '

204 1726 373 1799 M-N.'non
396 1735 564 1811 dialectice,
589 1747 623 1796 nt
645 1736 673 1796 in
690 1733 767 1796 libro
783 1737 832 1808 B..
858 1733 894 1798 de
910 1733 1063 1825 Platonica
1081 1733 1216 1799 doctrina
1240 1813 1241 1818 ἵ

204 1849 336 1928 disserit,
361 1850 413 1914 sed
437 1850 510 1938 quid
533 1853 572 1914 sit
587 1871 689 1914 verum
714 1852 775 1914 sinc
799 1849 859 1915 ullo
884 1851 984 1916 studio
1009 1872 1111 1917 eruere
1127 1874 1216 1916 cona·

204 1980 260 2031 tur.
309 1967 423 2051 Quodsi
459 1968 536 2034 illam
565 1969 822 2033 ratiocinationem
851 1966 926 2032 falso
957 1969 1123 2032 institutam
1153 1990 1216 2032 esse

203 2087 232 2148 in
256 2085 332 2149 libro
349 2088 375 2148 1.
394 2086 455 2169 jam
480 2087 682 2172 exposuisset,
707 2087 759 2148 vix
779 2084 831 2162 Ar.
856 2105 934 2148 nunc
958 2084 1035 2149 hanc
1059 2080 1216 2148 difficulta-

202 2213 260 2266 tem
283 2203 443 2266 Platonicis
466 2200 577 2286 perlide
601 2200 769 2286 objecisset.
818 2199 956 2280 Accedit,
988 2198 1070 2288 quod
1095 2202 1215 2266 omnino

203 2335 256 2378 nec
279 2316 310 2377 in
332 2316 352 2380 l.
368 2321 408 2380 N.
432 2338 456 2380 c.
476 2316 486 2380 l
509 2315 656 2381 uberioris
681 2316 717 2381 de
740 2319 862 2382 unitatis
886 2318 1055 2382 rationibus
1071 2329 1214 2384 tractatus

203 2429 221 2496 l.
239 2434 265 2494 I.
288 2430 341 2494 c.l
365 2442 394 2494 et
415 2429 453 2505 ll,
486 2443 549 2494 nec·
570 2433 599 2495 in
622 2435 665 2494 A.
689 2454 713 2497 c.
730 2435 754 2496 ll
783 2438 976 2498 accuratioris
1005 2434 1215 2520 disputationis

202 2545 238 2613 de
261 2559 367 2612 natura
392 2549 608 2612 contrarietatis
632 2549 651 2611 l.
668 2551 695 2611 I.
718 2570 743 2612 c.
759 2548 801 2612 IV
824 2550 883 2613 ulla
906 2553 983 2614 ratio
1006 2551 1109 2615 babitu
1132 2546 1214 2633 est').

201 2663 281 2752 Ergo
305 2686 341 2728 ne
364 2663 443 2728 hunc
468 2663 587 2750 quidem
611 2663 719 2729 librum
736 2678 803 2730 anto
818 2665 911 2732 libros
925 2670 1070 2730 M.N.A.
1087 2669 1216 2731 conscri-

201 2794 284 2866 ptum
315 2803 377 2844 esse
401 2781 470 2862 jure
498 2781 636 2866 colligere
665 2781 753 2844 nobis
778 2782 921 2846 videmur.
968 2782 1033 2846 Jam
1058 2782 1095 2847 ad
1117 2784 1214 2869 impli-

202 2897 341 2958 catio'rcm
372 2895 574 2978 quaestionem
599 2892 635 2958 de
663 2895 740 2959 libro
760 2901 815 2960 A..
831 2895 1067 2983 progrediamur.
1115 2897 1214 2986 Atque

202 3009 248 3074 bic
275 3009 391 3097 quidem
415 3009 463 3073 vel
486 3011 612 3075 maxime
635 3009 773 3088 offendit,
799 3011 880 3098 quod
904 3012 922 3074 l.
940 3017 989 3075 M.
1013 3035 1054 3077 cc.
1071 3013 1112 3077 lV
1136 3027 1165 3078 et
1186 3013 1216 3078 V

201 3127 303 3192 iisdem
334 3125 393 3192 lere
418 3127 518 3192 verbis
548 3129 579 3191 in
607 3126 625 3192 l.
646 3133 688 3193 A.
714 3151 737 3193 c.
755 3127 795 3192 IX
825 3129 965 3215 leguntur
976 3121 1009 3210 ³).
1058 3125 1119 3193 Sed
1148 3151 1214 3194 curn

201 3241 254 3306 Ar.
278 3242 435 3309 incudem
459 3243 535 3309 libro
552 3249 605 3320 M,
630 3248 654 3310 si
679 3244 750 3332 quid
775 3245 898 3310 in'libro
915 3249 956 3308 Β.
969 3246 1030 3330 jam
1052 3244 1213 3311 indicatum

202 3357 248 3422 vel
277 3357 455 3423 declaratum
485 3361 538 3434 sit,
568 3362 705 3448 religiose
735 3372 834 3436 notet,
864 3381 925 3424 non
954 3360 1127 3428 crediderim
1146 3364 1212 3429 ,An

201 3475 258 3539 bos
285 3474 379 3539 libros
410 3495 474 3538 eum
499 3472 548 3538 illa
571 3451 654 3561 partd
678 3476 746 3543 libri
770 3481 813 3540 A.
836 3479 933 3565 primo
957 3477 1137 3564 conjungere
1161 3501 1214 3543 vo-

201 3593 299 3658 luisse.
335 3590 395 3666 Sed
419 3605 534 3656 omnem
552 3603 708 3658 tractatum
727 3595 795 3658 libri
807 3597 851 3656 A.
864 3593 899 3658 do
916 3605 1045 3680 quatuor
1060 3596 1214 3681 principiis

204 3707 412 3716 u———-—-

261 3759 280 3828 ¹)
303 3757 413 3813 Brendis
432 3757 500 3812 llcrl.
513 3757 593 3811 nnat.
604 3715 639 3812 dd
657 3776 682 3829 p.
694 3756 748 3826 86„
766 3760 859 3816 Bonitz
879 3757 988 3829 metaph.
1007 3755 1042 3823 11,
1055 3757 1098 3814 25.

259 3857 279 3926 ⁸)
304 3857 336 3912 cl.
356 3857 449 3912 bonite
468 3856 577 3928 metaph.
597 3856 631 3922 ll,
644 3853 688 3910 27.

259 3955 280 4024 ⁸)
304 3955 335 4012 cf.
356 3955 581 4028 Trendelenburg:
600 3955 665 4012 Plat.
686 3956 717 4010 dc
735 3955 771 4010 id.
790 3963 815 4009 ct
832 3971 902 4010 num.
922 3956 988 4010 doct.
1007 3973 1031 4028 p.
1045 3952 1088 4014 22.
