2962 4770
600 380 758 480 *Q
816 357 819 366 ,

175 566 348 632 Aristoteles
372 583 532 650 numquam
549 561 660 626 luisse«
689 583 742 646 age
758 581 844 625 vero:
868 559 926 624 hoc
942 561 1039 646 ipsum
1055 560 1084 620 in
1100 555 1183 622 libris

176 682 211 746 de
232 679 420 767 philosophia
437 680 489 743 Ar.
506 677 662 743 tradidisse
678 679 835 741 memoriae
851 673 984 763 prodidit
997 674 1185 759 Philopouus

174 794 211 859 ad
235 797 287 858 Ar.
313 794 348 859 dc
372 817 419 860 ao.
443 794 493 859 fol.
511 792 544 858 3ἃ
566 787 742 888 &mdical
768 787 1014 886 δοκείὈρφέιις
1037 791 1120 852 εἶναι
1142 783 1183 850 rol
1214 796 1216 804 ’

175 906 250 992 ἔπη,
285 906 328 984 ὡς
363 913 417 972 καὶ
450 904 547 984 αὐτὸς
579 907 615 972 dv
647 916 713 982 τοῖς
740 911 813 993 περὶ
840 904 1038 992 φιλοσοφίας
1067 902 1184 983 ἔλεγεν.

174 1023 340 1088 Paullulum
371 1039 447 1090 certe
471 1024 599 1089 Krischii
630 1026 802 1087 seutentiam
832 1021 1024 1086 labefactasse
1047 1022 1117 1084 mihi
1142 1023 1185 1082 vi·

175 1137 256 1202 de'cr.
293 1137 352 1204 Sed
377 1162 413 1206 ne
437 1143 550 1204 animos
573 1140 715 1204 lectorum
741 1138 858 1224 longius
882 1159 1043 1224 suspensos
1059 1149 1182 1210 teneam,

175 1254 345 1319 evolvamus
361 1256 413 1319 Ar.
440 1255 476 1320 de
500 1256 582 1318 cocio
607 1258 649 1318 A.
667 1275 691 1317 c.
709 1253 751 1316 lX
774 1251 852 1317 279ἃ
870 1251 921 1317 30.
947 1256 1002 1315 καί
1023 1248 1101 1335 γὰρ,
1124 1265 1198 1314 κα-’
1280 1295 1285 1303 ·

174 1363 286 1452 θοίπερ
317 1368 352 1433 ἓν
379 1377 445 1444 τοῖς
474 1367 648 1447 ἐγκυκλίως
677 1366 921 1452 φιλοσοφήμασι
947 1373 1019 1452 περὶ
1040 1362 1082 1430 eol
1104 1370 1186 1430 θεία

174 1481 329 1558 πολλάκις
356 1487 570 1567 προφαίνεται
592 1493 658 1558 τοῖς
680 1477 788 1560 λόγοις
810 1480 859 1545 ὅτι
881 1479 916 1545 τὸ
941 1487 1038 1547 θεῖον
1060 1477 1184 1565 α’μετοέ-
1294 1535 1297 1546 .

173 1594 294 1679 βλητον
318 1591 499 1677 οἷκαγκαίον
522 1599 605 1662 εἶναι
628 1595 694 1660 πᾶν
716 1593 753 1658 τὸ
777 1601 905 1680 πρῶτον
927 1603 981 1659 καὶ
996 1595 1184 1681 ἀκρότατον.

174 1708 238 1772 dam
263 1711 430 1787 videamus,
461 1711 532 1797 quid
563 1710 731 1796 Simplicius
761 1711 900 1774 adhunc
927 1712 1022 1775 locum
1047 1712 1183 1776 adnotet:

174 1824 227 1888 Ar.
253 1825 344 1888 schol.
368 1824 484 1890 48713
516 1824 664 1904 ἐγκύκλια
693 1825 730 1888 δὲ
756 1823 849 1889 καλεί
869 1826 1121 1912 φιλοσοφήματα
1142 1821 1185 1890 τοὶ

175 1934 257 2001 κατὰ
286 1938 380 2016 τάξιτῐ
407 1939 444 2017 ἕξ
473 1937 573 2025 ἀρχῆς
594 1949 660 2016 τοίς
683 1941 815 2016 πολλοῖς
837 1943 1072 2025 προτιθέμενα,
1102 1941 1185 2027 ἅπερ

175 2057 230 2116 καὶ
258 2052 429 2140 ἐξωτερικαὶ
458 2056 725 2144 καλτίνιείωθον,
755 2055 860 2138 ὥσπερ
884 2062 939 2120 καί
960 2050 1184 2142 σῖκροαματικά

174 2173 228 2231 καὶ
252 2168 489 2253 συνταγματικοὶ
513 2167 553 2233 aul
578 2169 821 2254 σπουδαιότερα.
858 2169 941 2249 λέγει
964 2171 1000 2236 δὲ
1021 2176 1094 2255 περὶ
1108 2170 1184 2236 τού-

174 2301 231 2344 του
259 2281 294 2344 dv
322 2293 388 2358 τοῖς
410 2289 483 2368 περὶ
505 2283 711 2368 φιλοσοφίας.
741 2282 892 2350 καθόλου
913 2283 975 2370 γοὶρ
990 2333 997 2349 .
1011 2334 1018 2349 .
1031 2335 1038 2351 .
1053 2293 1064 2348 .’
1084 2308 1183 2371 προς-

175 2393 318 2477 elapsae
338 2395 387 2461 18.
424 2399 488 2462 Hoc
512 2400 577 2463 loco
602 2404 727 2484 primum
751 2405 878 2464 animum
896 2403 1093 2488 obstupefecit
1107 2405 1184 2467 fidu-

175 2512 218 2574 cia
249 2510 408 2600 Simplicii3
440 2537 505 2578 nam
536 2513 606 2578 dum
635 2513 711 2578 idem
740 2513 927 2601 Simplicius,
958 2518 1051 2582 libros
1091 2521 1185 2602 »περὶ
1224 2505 1228 2512 “

174 2617 329 2702 α’γαθοῦι
359 2628 492 2704 laudans,
518 2632 647 2715 propriis
671 2629 799 2714 pedihus
822 2644 900 2696 stare
923 2633 1105 2709 renaudot,
1131 2633 1183 2696 sed
1275 2643 1280 2652 ⁴

173 2740 336 2805 Alexandri
375 2744 558 2830 aliorumque
596 2743 697 2808 luicris
736 2749 830 2811 utitur
868 2743 979 2827 [schol.
1020 2729 1181 2825 334'1227,

175 2849 255 2916 362·
272 2853 330 2929 10,
363 2855 441 2919 368ἃ
458 2853 534 2936 31],
573 2858 620 2920 hic
649 2858 749 2924 subito
778 2869 874 2924 totum
904 2862 1000 2928 locum
1032 2885 1071 2927 ex
1100 2863 1182 2928 libris

174 2969 247 3051 περὶ
274 2966 470 3052 φιλοσοφίας
498 2993 551 3034 sua
587 2974 762 3036 auctoritate
792 2970 884 3039 fretus
915 2979 1022 3042 attulit.
1070 2978 1182 3044 Deinde

172 3083 252 3146 ilium
277 3083 384 3148 librum
413 3086 449 3149 de
472 3087 660 3174 philosophia
686 3090 882 3175 popularibus
906 3095 1023 3179 scriptis
1039 3091 1059 3175 ¹)
1088 3093 1182 3160 adnu-

173 3199 342 3264 merandum
372 3223 435 3266 esse
464 3216 588 3288 apparet
615 3227 652 3266 ex
675 3207 747 3290 ipsis
771 3205 913 3294 Simplicii
938 3207 1051 3284 verbis,
1082 3213 1133 3296 qui
1157 3213 1182 3274 si

174 3310 257 3374 aliter
279 3319 440 3390 statuisset,
464 3319 527 3379 sinc
551 3317 642 3383 dubio
665 3319 804 3385 dixisset:
829 3319 913 3401 λέγει
929 3321 970 3388 δὲ
980 3329 1052 3409 περὶ
1066 3314 1182 3392 τούτου

173 3428 240 3488 καὶ
262 3424 298 3490 ἐν
320 3437 386 3502 τοίς
490 3431 550 3521 Vix¹
573 3444 669 3497 autem
693 3457 770 3521 opus
793 3449 851 3512 cst,
883 3451 916 3501 ut
939 3439 1020 3503 iilum
1045 3441 1140 3505 locum
1164 3465 1179 3506 a

173 3538 325 3628 Simplicio
339 3555 509 3630 excerptum
523 3545 559 3610 de
571 3545 693 3612 deorum
707 3563 812 3616 natura
823 3556 926 3640 egisse,
935 3567 963 3619 et
975 3575 1040 3619 cum
1055 3579 1089 3620 ec
1102 3557 1179 3636 loco,

172 3657 251 3722 unde
268 3657 329 3724 Cic.
348 3659 384 3725 de
399 3674 459 3726 nat.
478 3661 559 3728 deor.
575 3663 613 3741 il,
634 3662 673 3729 16
689 3665 836 3744 hauserit,
854 3670 1019 3736 cohaesisse
1036 3676 1178 3740 monehm.

230 3923 249 3987 ¹)
273 3915 440 3996 sagacissime
465 3925 513 3981 hoc
537 3923 687 3983 Brundisius
712 3929 857 4003 suspicatus
885 3944 924 3990 est
948 3936 1037 3991 (iesch.
1064 3939 1087 3994 d.
1113 3940 1179 3995 Phil.

171 4013 336 4088 stsspffi
