2962 4770
658 348 817 446 L

233 532 284 596 Ar.
310 533 398 594 menti
429 528 618 594 obversatum
635 521 711 592 'esse
740 541 829 615 puto:
859 531 884 595 si
914 530 985 617 quid
1013 531 1174 596 secundum
1198 553 1240 609 ca,

117 653 145 678 ’·
233 649 360 734 quaein
385 649 484 732 priore
508 647 603 731 capite
627 647 833 731 exposuimus,
862 645 1005 731 possibile
1029 659 1088 724 est,
1115 669 1172 735 qna
1197 670 1242 712 se·

188 803 193 812 -
233 766 349 850 quitur:
377 761 407 823 ai
428 757 460 824 δ’
476 758 542 824 ἐστί
564 783 594 822 τι
617 754 700 822 κατὰ
722 755 758 822 cd
782 761 958 845 εἰρημένον.
1004 758 1065 826 Scd
1089 763 1241 848 quomodo

233 879 415 965 praepositio
437 870 520 940 nand
536 873 688 949 exciderit,
712 875 834 961 intelligi
852 878 964 963 nequit.
999 877 1101 964 Itaque
1117 879 1242 944 lectione
1358 933 1368 950 ,
1449 857 1452 864 Δ

233 993 299 1058 cod.
316 992 358 1058 An
377 993 499 1058 edoctus
524 989 696 1056 crediderim
713 991 810 1076 primo
825 992 878 1056 Ar.
896 995 1061 1078 scripsisse:
1086 992 1116 1055 ai
1130 989 1161 1056 δ’
1176 989 1242 1056 ἔστι

231 1103 266 1173 cd
291 1107 457 1194 εἰρημένον
481 1104 517 1188 (ἱ.
536 1128 560 1170 c.
585 1109 610 1170 si
639 1119 750 1170 certum
774 1119 831 1184 est,
863 1108 944 1194 qnod
968 1110 1121 1193 inpriore
1146 1112 1241 1195 capite

233 1220 262 1302 (³
278 1221 426 1306 24-29)
451 1224 619 1308 exposit'nm
644 1217 708 1301 est),
734 1221 839 1286 deinde
859 1224 1056 1310 negligentius
1072 1223 1241 1310 explicandi
1282 1295 1287 1306 .

233 1360 321 1403 causa
344 1338 507 1406 addidisse:
531 1331 567 1400 cd
592 1330 733 1400 δυνατὸν
753 1330 774 1424 ᾗ
796 1331 985 1408 convoca.

175 1449 183 1456 ’
296 1454 386 1519 Plnra
410 1453 541 1538 exempla
565 1450 672 1517 addere
695 1473 828 1538 posscm3
853 1452 914 1530 sed,
940 1457 964 1517 si
989 1475 1048 1540 qna
1071 1457 1167 1531 inre,
1193 1454 1240 1518 hic

230 1569 335 1633 modus
362 1571 455 1634 teneri
478 1569 580 1644 debet,
609 1589 646 1631 ne
670 1568 742 1631 locis
766 1571 862 1631 minus
886 1569 1094 1652 probabilibus
1117 1573 1160 1634 rei
1183 1571 1241 1656 ipsi
1325 1623 1327 1629 ,

231 1703 398 1747 noceamus.
438 1671 593 1746 Praeterea
617 1684 647 1744 in
671 1683 899 1766 rc‘gravissirna
924 1684 1049 1766 juvenili
1073 1683 1174 1747 ardori
1196 1687 1241 1746 ni·
1306 1740 1312 1750 ,

179 1798 183 1804 ’
213 1798 285 1861 xrnis
314 1797 461 1863 confidere
490 1771 587 1872 nolui}
620 1796 671 1860 sed
697 1795 811 1881 judicia
838 1799 970 1863 virorum
1001 1799 1156 1864 doctorum
1188 1821 1240 1888 err·

186 2001 190 2008 ⁸
229 1926 362 2000 spectare
385 1912 456 1977 mihi
478 1911 598 1998 placuit.
635 1909 695 1976 Sed
718 1915 743 1975 si
767 1917 911 1979 sententia
935 1935 998 1980 nea
1021 1913 1176 2001 probatur,
1202 1935 1240 1980 ex

228 2032 333 2095 mutilo
363 2043 392 2095 et
421 2027 592 2115 imperfecto
622 2049 712 2114 opero
740 2050 846 2116 magna
878 2031 988 2095 utilitas
1017 2030 1106 2097 nobis
1135 2043 1240 2116 parata

229 2158 288 2224 ost,
312 2159 346 2210 nt
367 2165 547 2233 cognoscere
570 2145 735 2230 possimus,
760 2165 848 2231 qnam
871 2149 1015 2212 rationein
1030 2146 1084 2212 Ar.
1109 2149 1139 2208 in
1155 2145 1239 2211 libris

230 2259 441 2345 componendis
466 2272 495 2324 et
518 2258 704 2326 elaborandis
728 2261 834 2326 inierit.
1235 2263 1237 2272 ⁴
