2948 4768
688 375 847 475 Q

259 565 344 640 ciat‚.
363 562 414 627 sed
438 582 489 638 eo,
506 559 554 624 'ut
576 559 698 622 sormam
722 555 809 618 nobis
834 554 969 619 traditam
994 554 1128 641 explicet.
1178 554 1273 618 Unum

261 679 391 764 lapillum
420 666 590 749 demoveat,
621 674 666 737 vel
690 673 778 736 alinm
802 673 832 733 in
855 671 952 743 lotum
975 669 1148 745 transierat,
1179 682 1208 734 et
1230 672 1275 733 vi·

262 793 362 882 dehita
380 813 454 878 quas
469 793 499 857 in
516 787 703 852 difficultates
720 789 836 850 irmuat.
866 785 941 853 Meis
958 805 1078 877 quoque
1094 788 1274 871 argumentis

261 903 478 994 exaggerandis
513 916 543 967 et
577 903 714 966 uberiore
744 901 944 986 disputatione
971 898 1153 963 illustrandis
1182 919 1274 964 meum
1383 935 1387 950 ·

262 1001 435 1086 sententiam
458 1022 551 1105 magis
569 1017 741 1081 confirmare
757 1037 791 1078 cc
806 1015 937 1078 stabilire
953 1017 1054 1101 potni3
1078 1012 1139 1090 scd,
1165 1017 1189 1076 si
1206 1035 1275 1078 vera

263 1149 316 1212 est,
337 1137 399 1220 jam
416 1155 494 1198 nunc
516 1135 628 1196 animos
645 1134 810 1206 convincet,
835 1131 880 1193 sin
896 1129 968 1193 falsa
984 1129 1111 1205 videtur,
1136 1150 1172 1193 ue
1188 1128 1276 1192 uber-

262 1254 337 1314 rima
360 1249 478 1335 quidem
503 1251 689 1334 expositione
714 1269 729 1310 a
753 1261 798 1308 me
822 1244 1009 1330 comprobari
1029 1255 1137 1330 potest.
1158 1229 1276 1306 'Finem

234 1447 237 1452 Ι
263 1367 356 1451 igitur
378 1366 618 1432 commentationi
637 1361 758 1446 jamjam
781 1362 974 1445 impositurus
999 1357 1077 1422 addo
1093 1359 1147 1422 Ar.
1169 1357 1276 1421 verba:

245 1461 247 1468 ’
263 1476 388 1560 μᾶλλον
402 1475 463 1562 γὰρ
487 1476 521 1539 ἐκ
536 1474 696 1539 πλειόνων
711 1471 816 1538 civ-icc
831 1475 980 1556 πεισθείη
996 1495 1043 1546 τις
1057 1473 1275 1553 πεπεισμένος,

263 1587 345 1676 πρὸς
367 1591 404 1655 ‹te
426 1586 462 1654 τὰ
487 1593 664 1674 πεισθῆναι
685 1585 728 1672 μὴ
753 1590 963 1669 πεπεισμένος
985 1582 1089 1651 niuea
1110 1583 1247 1669 μᾶλλον.

780 1703 872 1766 Arist.
898 1701 1027 1787 metaph.
1045 1699 1092 1763 M.
1116 1723 1141 1765 e.
1158 1701 1210 1765 lx.

669 1947 878 1958 .....—.--·—-·

651 2214 903 2281 EXCURSUS.

738 2375 811 2384 ...ιι-

325 2503 356 2566 ln
369 2504 615 2566 commentatione
628 2499 665 2564 cle
677 2499 782 2564 ordine
790 2499 843 2564 Ar.
851 2499 997 2566 librorum
1010 2500 1279 2588 metaphysiecrum

266 2620 499 2707 praetermittere
522 2639 582 2680 non
605 2618 673 2681 licet
695 2617 882 2680 notissimum
904 2615 986 2679 illum
1007 2615 1106 2679 locum
1130 2613 1281 2681 Ciceronis

268 2731 496 2796 donandum
518 2732 530 2794 l
559 2729 904 2796 plumescentes
933 2727 1054 2817 qnoque
1081 2732 1220 2794 intortio
1245 2728 1280 2793 de

229 2829 231 2834 ,
266 2847 460 2934 philosophia
488 2847 565 2912 libro
597 2846 687 2910 multa
717 2841 851 2923 turbat,¹
866 2869 883 2910 a
911 2848 1053 2932 magistro
1075 2845 1198 2910 Platone
1222 2865 1281 2909 nno

268 2955 459 3038 dissentiens3
489 2961 578 3026 motlo
603 2963 679 3026 enim
702 2965 793 3026 menti
814 2961 921 3026 tribuit
942 2981 1059 3025 omnem
1084 2959 1280 3025 divinitatem:

267 3075 357 3142 modo
388 3076 566 3141 mundnm'
560 3098 656 3162 ipsum
687 3077 773 3142 (lenm
804 3076 875 3141 dicit
905 3099 982 3140 esse:
1016 3076 1106 3140 modo
1137 3075 1281 3163 quendam

269 3192 358 3256 elium
381 3191 515 3277 praeficit
538 3190 658 3267 mundo,
684 3193 768 3277 eique
792 3211 840 3254 ens
865 3203 964 3276 partes
988 3190 1108 3268 tribuit,
1140 3203 1174 3256 ut
1191 3191 1284 3277 repli-

268 3309 386 3370 catione
409 3303 535 3393 quadam
565 3305 667 3372 mundi
696 3319 807 3370 motum
831 3317 915 3391 regat
938 3319 1185 3394 atqnetneatur:
1220 3319 1282 3370 turn

270 3421 344 3486 coeli
373 3420 509 3486 ardorem
540 3421 626 3486 deum
657 3420 729 3494 dicit
757 3441 835 3497 esse,
866 3443 927 3486 non
956 3422 1137 3510 intelligens,
1170 3422 1283 3486 coelum

217 3591 221 3599 s
270 3536 372 3600 mnndi
396 3556 458 3599 esse
481 3549 604 3622 partem,
634 3558 721 3622 quem
744 3535 801 3598 elio
824 3536 890 3601 loeo
914 3540 978 3623 ipse
1002 3536 1163 3623 dosigpacit
1187 3535 1282 3600 deum.

271 3650 430 3734 Quomodo
454 3665 551 3715 autem
577 3651 651 3714 coeli
675 3649 793 3714 divinus
810 3651 857 3714 ille
874 3673 976 3715 sensns
993 3653 1022 3716 in
1040 3653 1187 3717 celeritate
1202 3659 1301 3720 tanta,

272 3769 440 3830 conservari
470 3765 590 3851 potest?
625 3761 676 3828 ubi
700 3762 805 3830 deinde
828 3766 869 3831 illi
893 3779 939 3831 tot
962 3767 1017 3845 dii,
1048 3772 1073 3831 si
1097 3769 1285 3830 numeramus

207 3871 209 3880 ¹
272 3882 358 3944 etiam
384 3881 497 3946 coelum
522 3879 630 3944 deum?
666 3878 740 3946 Cum
765 3894 862 3948 autem
886 3885 948 3946 sine
972 3902 1097 3969 corpore
1121 3881 1198 3946 idem
1221 3881 1287 3945 vult
1458 3859 1459 3916 l

272 4017 334 4060 csse
369 3995 473 4073 deum,
511 3997 589 4060 omni
624 3995 704 4066 ittum
734 4018 823 4064 sensu
852 3999 965 4083 privat,
1001 3999 1089 4064 eciam
1116 3997 1284 4085 prudentie.
