<?xml version="1.0" encoding="UTF-8"?>
<!DOCTYPE html PUBLIC "-//W3C//DTD XHTML 1.0 Transitional//EN"
    "http://www.w3.org/TR/xhtml1/DTD/xhtml1-transitional.dtd">
<html xmlns="http://www.w3.org/1999/xhtml" xml:lang="en" lang="en">
 <head>
  <title>
</title>
<meta http-equiv="Content-Type" content="text/html;charset=utf-8" />
  <meta name='ocr-system' content='tesseract 3.04.00' />
  <meta name='ocr-capabilities' content='ocr_page ocr_carea ocr_par ocr_line ocrx_word'/>
</head>
<body>
  <div class='ocr_page' id='page_1' title='image "./studiainaristot00chrigoog_0032.png"; bbox 0 0 2910 4778; ppageno 0'>
   <div class='ocr_carea' id='block_1_1' title="bbox 654 373 732 438">
    <p class='ocr_par' dir='ltr' id='par_1_1' title="bbox 654 373 732 438">
     <span class='ocr_line' id='line_1_1' title="bbox 654 373 732 438; baseline 0.038 -3"><span class='ocrx_word' id='word_1_1' title='bbox 654 373 732 438; x_wconf 76' lang='lat' dir='ltr'>uo.</span> 
     </span>
    </p>
   </div>
   <div class='ocr_carea' id='block_1_2' title="bbox 122 517 1185 1108">
    <p class='ocr_par' dir='ltr' id='par_1_2' title="bbox 122 517 1185 1108">
     <span class='ocr_line' id='line_1_2' title="bbox 172 517 1184 643; baseline 0.002 -22"><span class='ocrx_word' id='word_1_2' title='bbox 172 558 284 643; x_wconf 77' lang='lat' dir='ltr'>signat,</span> <span class='ocrx_word' id='word_1_3' title='bbox 315 575 375 620; x_wconf 91' lang='lat' dir='ltr'>non</span> <span class='ocrx_word' id='word_1_4' title='bbox 406 575 422 618; x_wconf 90' lang='lat' dir='ltr'>a</span> <span class='ocrx_word' id='word_1_5' title='bbox 451 554 563 619; x_wconf 89' lang='lat' dir='ltr'>minore</span> <span class='ocrx_word' id='word_1_6' title='bbox 593 575 716 620; x_wconf 91' lang='lat' dir='ltr'>numero</span> <span class='ocrx_word' id='word_1_7' title='bbox 739 553 939 640; x_wconf 87' lang='lat' dir='ltr'>injunctarum</span> <span class='ocrx_word' id='word_1_8' title='bbox 968 517 1123 641; x_wconf 79' lang='lat' dir='ltr'>notionum</span> <span class='ocrx_word' id='word_1_9' title='bbox 1147 555 1184 623; x_wconf 91' lang='lat' dir='ltr'>ad</span> 
     </span>
     <span class='ocr_line' id='line_1_3' title="bbox 122 669 1185 759; baseline -0.002 -21"><span class='ocrx_word' id='word_1_10' title='bbox 122 720 125 725; x_wconf 86' lang='lat'><em>-</em></span> <span class='ocrx_word' id='word_1_11' title='bbox 173 673 312 759; x_wconf 88' lang='lat' dir='ltr'>maj0rem</span> <span class='ocrx_word' id='word_1_12' title='bbox 336 669 537 758; x_wconf 76' lang='lat' dir='ltr'>progreditur,</span> <span class='ocrx_word' id='word_1_13' title='bbox 563 670 614 736; x_wconf 90' lang='lat' dir='ltr'>sed</span> <span class='ocrx_word' id='word_1_14' title='bbox 638 693 736 757; x_wconf 91' lang='lat' dir='ltr'>parem</span> <span class='ocrx_word' id='word_1_15' title='bbox 760 691 914 736; x_wconf 88' lang='lat' dir='ltr'>numerum</span> <span class='ocrx_word' id='word_1_16' title='bbox 932 669 1029 751; x_wconf 79' lang='grc' dir='ltr'><strong>(δόξα</strong></span> <span class='ocrx_word' id='word_1_17' title='bbox 1044 674 1099 735; x_wconf 74' lang='grc' dir='ltr'>καὶ</span> <span class='ocrx_word' id='word_1_18' title='bbox 1113 695 1185 736; x_wconf 82' lang='grc' dir='ltr'>και-</span> 
     </span>
     <span class='ocr_line' id='line_1_4' title="bbox 172 782 1183 876; baseline 0.002 -22"><span class='ocrx_word' id='word_1_19' title='bbox 172 783 228 874; x_wconf 81' lang='grc' dir='ltr'>ρός</span> <span class='ocrx_word' id='word_1_20' title='bbox 245 821 286 830; x_wconf 96' lang='grc'>-</span> <span class='ocrx_word' id='word_1_21' title='bbox 303 782 412 852; x_wconf 68' lang='lat' dir='ltr'>edredo</span> <span class='ocrx_word' id='word_1_22' title='bbox 433 789 488 850; x_wconf 76' lang='lat' dir='ltr'>acci</span> <span class='ocrx_word' id='word_1_23' title='bbox 510 788 608 873; x_wconf 73' lang='grc' dir='ltr'><strong><em>κρίσις</em></strong></span> <span class='ocrx_word' id='word_1_24' title='bbox 631 783 653 872; x_wconf 77' lang='grc' dir='ltr'><em>ἢ</em></span> <span class='ocrx_word' id='word_1_25' title='bbox 673 783 772 870; x_wconf 73' lang='grc' dir='ltr'>μίξις)</span> <span class='ocrx_word' id='word_1_26' title='bbox 796 791 825 851; x_wconf 89' lang='lat' dir='ltr'>in</span> <span class='ocrx_word' id='word_1_27' title='bbox 845 786 973 876; x_wconf 78' lang='lat' dir='ltr'>utroque</span> <span class='ocrx_word' id='word_1_28' title='bbox 989 788 1055 852; x_wconf 87' lang='lat' dir='ltr'>loco</span> <span class='ocrx_word' id='word_1_29' title='bbox 1072 791 1183 876; x_wconf 81' lang='lat' dir='ltr'>posuit,</span> 
     </span>
     <span class='ocr_line' id='line_1_5' title="bbox 173 897 1177 990; baseline 0.005 -22"><span class='ocrx_word' id='word_1_30' title='bbox 173 902 223 968; x_wconf 90' lang='lat' dir='ltr'>sed</span> <span class='ocrx_word' id='word_1_31' title='bbox 248 905 333 968; x_wconf 85' lang='lat' dir='ltr'>etiarn</span> <span class='ocrx_word' id='word_1_32' title='bbox 358 903 449 970; x_wconf 85' lang='lat' dir='ltr'>altero</span> <span class='ocrx_word' id='word_1_33' title='bbox 465 906 495 967; x_wconf 90' lang='lat' dir='ltr'>in</span> <span class='ocrx_word' id='word_1_34' title='bbox 513 903 648 990; x_wconf 90' lang='lat' dir='ltr'>exemplo</span> <span class='ocrx_word' id='word_1_35' title='bbox 664 902 778 968; x_wconf 91' lang='lat' dir='ltr'>addidit</span> <span class='ocrx_word' id='word_1_36' title='bbox 801 897 957 969; x_wconf 69' lang='lat' dir='ltr'>‚denseo</span> <span class='ocrx_word' id='word_1_37' title='bbox 972 905 992 990; x_wconf 79' lang='grc' dir='ltr'><em>ἢ</em></span> <span class='ocrx_word' id='word_1_38' title='bbox 1007 904 1177 973; x_wconf 69' lang='lat' dir='ltr'>neeesse«</span> 
     </span>
     <span class='ocr_line' id='line_1_6' title="bbox 174 1010 1184 1108; baseline 0.004 -24"><span class='ocrx_word' id='word_1_39' title='bbox 174 1041 249 1108; x_wconf 90' lang='lat' dir='ltr'>quae</span> <span class='ocrx_word' id='word_1_40' title='bbox 264 1018 364 1097; x_wconf 83' lang='lat' dir='ltr'>verba,</span> <span class='ocrx_word' id='word_1_41' title='bbox 388 1023 412 1084; x_wconf 90' lang='lat' dir='ltr'>si</span> <span class='ocrx_word' id='word_1_42' title='bbox 436 1010 589 1085; x_wconf 78' lang='lat' dir='ltr'>numerum</span> <span class='ocrx_word' id='word_1_43' title='bbox 612 1042 668 1106; x_wconf 87' lang='lat' dir='ltr'>pro</span> <span class='ocrx_word' id='word_1_44' title='bbox 692 1023 806 1084; x_wconf 89' lang='lat' dir='ltr'>ratione</span> <span class='ocrx_word' id='word_1_45' title='bbox 830 1018 987 1086; x_wconf 75' lang='lat' dir='ltr'><strong>distantiae</strong></span> <span class='ocrx_word' id='word_1_46' title='bbox 1007 1025 1184 1090; x_wconf 78' lang='lat' dir='ltr'>crescentem</span> 
     </span>
    </p>
   </div>
   <div class='ocr_carea' id='block_1_3' title="bbox 121 1134 1185 2619">
    <p class='ocr_par' dir='ltr' id='par_1_3' title="bbox 121 1134 1185 2619">
     <span class='ocr_line' id='line_1_7' title="bbox 172 1134 1182 1225; baseline 0.006 -25"><span class='ocrx_word' id='word_1_47' title='bbox 172 1138 361 1223; x_wconf 77' lang='lat' dir='ltr'>respexisset,</span> <span class='ocrx_word' id='word_1_48' title='bbox 378 1157 537 1223; x_wconf 81' lang='lat' dir='ltr'><strong>numquam</strong></span> <span class='ocrx_word' id='word_1_49' title='bbox 554 1157 590 1204; x_wconf 90' lang='lat' dir='ltr'>ue</span> <span class='ocrx_word' id='word_1_50' title='bbox 607 1135 732 1200; x_wconf 88' lang='lat' dir='ltr'>irridens</span> <span class='ocrx_word' id='word_1_51' title='bbox 748 1134 866 1223; x_wconf 89' lang='lat' dir='ltr'>quidem</span> <span class='ocrx_word' id='word_1_52' title='bbox 884 1135 1011 1222; x_wconf 89' lang='lat' dir='ltr'>adjicere</span> <span class='ocrx_word' id='word_1_53' title='bbox 1027 1141 1182 1225; x_wconf 84' lang='lat' dir='ltr'>potuisset.</span> 
     </span>
     <span class='ocr_line' id='line_1_8' title="bbox 171 1250 1184 1341; baseline 0.005 -26"><span class='ocrx_word' id='word_1_54' title='bbox 171 1251 304 1338; x_wconf 78' lang='lat' dir='ltr'>displosa</span> <span class='ocrx_word' id='word_1_55' title='bbox 326 1254 417 1340; x_wconf 86' lang='lat' dir='ltr'>igitur</span> <span class='ocrx_word' id='word_1_56' title='bbox 440 1252 496 1316; x_wconf 91' lang='lat' dir='ltr'>hac</span> <span class='ocrx_word' id='word_1_57' title='bbox 520 1252 726 1339; x_wconf 82' lang='lat' dir='ltr'>explicatione,</span> <span class='ocrx_word' id='word_1_58' title='bbox 752 1250 790 1316; x_wconf 89' lang='lat' dir='ltr'>ad</span> <span class='ocrx_word' id='word_1_59' title='bbox 813 1252 949 1328; x_wconf 89' lang='lat' dir='ltr'>alteram,</span> <span class='ocrx_word' id='word_1_60' title='bbox 978 1275 1015 1318; x_wconf 87' lang='lat' dir='ltr'>ex</span> <span class='ocrx_word' id='word_1_61' title='bbox 1039 1275 1097 1341; x_wconf 87' lang='lat' dir='ltr'>qua</span> <span class='ocrx_word' id='word_1_62' title='bbox 1120 1251 1184 1341; x_wconf 79' lang='grc' dir='ltr'>ἤδη</span> 
     </span>
     <span class='ocr_line' id='line_1_9' title="bbox 173 1367 1184 1458; baseline 0.005 -27"><span class='ocrx_word' id='word_1_63' title='bbox 173 1367 210 1432; x_wconf 88' lang='lat' dir='ltr'>de</span> <span class='ocrx_word' id='word_1_64' title='bbox 232 1390 278 1446; x_wconf 87' lang='lat' dir='ltr'>re,</span> <span class='ocrx_word' id='word_1_65' title='bbox 304 1389 481 1456; x_wconf 88' lang='lat' dir='ltr'>quamquam</span> <span class='ocrx_word' id='word_1_66' title='bbox 504 1390 564 1432; x_wconf 91' lang='lat' dir='ltr'>non</span> <span class='ocrx_word' id='word_1_67' title='bbox 588 1381 736 1455; x_wconf 88' lang='lat' dir='ltr'>tempore,</span> <span class='ocrx_word' id='word_1_68' title='bbox 762 1369 940 1455; x_wconf 80' lang='lat' dir='ltr'>cogitatione</span> <span class='ocrx_word' id='word_1_69' title='bbox 964 1381 1061 1434; x_wconf 87' lang='lat' dir='ltr'>tamen</span> <span class='ocrx_word' id='word_1_70' title='bbox 1084 1374 1184 1458; x_wconf 88' lang='lat' dir='ltr'>priore</span> 
     </span>
     <span class='ocr_line' id='line_1_10' title="bbox 172 1483 1184 1574; baseline 0.004 -26"><span class='ocrx_word' id='word_1_71' title='bbox 172 1485 347 1572; x_wconf 85' lang='lat' dir='ltr'>accipiatur,</span> <span class='ocrx_word' id='word_1_72' title='bbox 378 1483 582 1574; x_wconf 79' lang='lat' dir='ltr'>confugiamus</span> <span class='ocrx_word' id='word_1_73' title='bbox 606 1487 646 1550; x_wconf 92' lang='lat' dir='ltr'>ita</span> <span class='ocrx_word' id='word_1_74' title='bbox 670 1487 913 1572; x_wconf 81' lang='lat' dir='ltr'>interpretantes:</span> <span class='ocrx_word' id='word_1_75' title='bbox 944 1507 1004 1551; x_wconf 91' lang='lat' dir='ltr'>rem</span> <span class='ocrx_word' id='word_1_76' title='bbox 1028 1486 1184 1574; x_wconf 88' lang='lat' dir='ltr'>probaturi</span> 
     </span>
     <span class='ocr_line' id='line_1_11' title="bbox 172 1597 1184 1692; baseline 0.005 -28"><span class='ocrx_word' id='word_1_77' title='bbox 172 1597 298 1665; x_wconf 83' lang='lat' dir='ltr'>afferunt</span> <span class='ocrx_word' id='word_1_78' title='bbox 320 1604 455 1688; x_wconf 91' lang='lat' dir='ltr'>quamvis</span> <span class='ocrx_word' id='word_1_79' title='bbox 478 1601 580 1666; x_wconf 90' lang='lat' dir='ltr'>harum</span> <span class='ocrx_word' id='word_1_80' title='bbox 600 1604 755 1666; x_wconf 90' lang='lat' dir='ltr'>notionum</span> <span class='ocrx_word' id='word_1_81' title='bbox 771 1611 924 1666; x_wconf 88' lang='lat' dir='ltr'>numerum</span> <span class='ocrx_word' id='word_1_82' title='bbox 942 1625 1015 1680; x_wconf 86' lang='lat' dir='ltr'>esse,</span> <span class='ocrx_word' id='word_1_83' title='bbox 1039 1605 1184 1692; x_wconf 86' lang='lat' dir='ltr'>simulque</span> 
     </span>
     <span class='ocr_line' id='line_1_12' title="bbox 173 1717 1184 1805; baseline 0.005 -27"><span class='ocrx_word' id='word_1_84' title='bbox 173 1719 351 1803; x_wconf 87' lang='lat' dir='ltr'>contingere,</span> <span class='ocrx_word' id='word_1_85' title='bbox 376 1730 410 1782; x_wconf 92' lang='lat' dir='ltr'>ut</span> <span class='ocrx_word' id='word_1_86' title='bbox 432 1719 491 1782; x_wconf 89' lang='lat' dir='ltr'>hoe</span> <span class='ocrx_word' id='word_1_87' title='bbox 514 1719 543 1779; x_wconf 91' lang='lat' dir='ltr'>in</span> <span class='ocrx_word' id='word_1_88' title='bbox 568 1717 634 1780; x_wconf 87' lang='lat' dir='ltr'>ioco</span> <span class='ocrx_word' id='word_1_89' title='bbox 657 1755 690 1768; x_wconf 85' lang='lat'>--</span> <span class='ocrx_word' id='word_1_90' title='bbox 711 1718 849 1780; x_wconf 87' lang='lat' dir='ltr'>nimirum</span> <span class='ocrx_word' id='word_1_91' title='bbox 873 1737 918 1794; x_wconf 90' lang='lat' dir='ltr'>eo,</span> <span class='ocrx_word' id='word_1_92' title='bbox 944 1719 973 1780; x_wconf 93' lang='lat' dir='ltr'>in</span> <span class='ocrx_word' id='word_1_93' title='bbox 995 1739 1054 1805; x_wconf 89' lang='lat' dir='ltr'>quo</span> <span class='ocrx_word' id='word_1_94' title='bbox 1073 1739 1184 1805; x_wconf 88' lang='lat' dir='ltr'>oppor-</span> 
     </span>
     <span class='ocr_line' id='line_1_13' title="bbox 172 1830 1185 1918; baseline 0.005 -24"><span class='ocrx_word' id='word_1_95' title='bbox 172 1833 342 1910; x_wconf 89' lang='lat' dir='ltr'>tunitatem,</span> <span class='ocrx_word' id='word_1_96' title='bbox 367 1834 535 1918; x_wconf 87' lang='lat' dir='ltr'>opinionem</span> <span class='ocrx_word' id='word_1_97' title='bbox 560 1831 681 1896; x_wconf 87' lang='lat' dir='ltr'>aliamve</span> <span class='ocrx_word' id='word_1_98' title='bbox 704 1853 764 1896; x_wconf 88' lang='lat' dir='ltr'>rem</span> <span class='ocrx_word' id='word_1_99' title='bbox 789 1853 852 1897; x_wconf 88' lang='lat' dir='ltr'>csse</span> <span class='ocrx_word' id='word_1_100' title='bbox 872 1830 1068 1898; x_wconf 76' lang='lat' dir='ltr'>dicebaut-</span> <span class='ocrx_word' id='word_1_101' title='bbox 1087 1836 1185 1901; x_wconf 62' lang='lat' dir='ltr'>mults</span> 
     </span>
     <span class='ocr_line' id='line_1_14' title="bbox 172 1944 1183 2036; baseline 0.008 -26"><span class='ocrx_word' id='word_1_102' title='bbox 172 1944 245 2010; x_wconf 88' lang='lat' dir='ltr'>tudo</span> <span class='ocrx_word' id='word_1_103' title='bbox 276 1947 420 2034; x_wconf 92' lang='lat' dir='ltr'>quaedam</span> <span class='ocrx_word' id='word_1_104' title='bbox 451 1950 687 2013; x_wconf 86' lang='lat' dir='ltr'>consociatorum</span> <span class='ocrx_word' id='word_1_105' title='bbox 718 1970 877 2036; x_wconf 89' lang='lat' dir='ltr'>corporum</span> <span class='ocrx_word' id='word_1_106' title='bbox 900 1989 934 2002; x_wconf 91' lang='lat'><em>-</em></span> <span class='ocrx_word' id='word_1_107' title='bbox 953 1952 971 2014; x_wconf 92' lang='lat' dir='ltr'>i.</span> <span class='ocrx_word' id='word_1_108' title='bbox 994 1972 1017 2014; x_wconf 85' lang='lat' dir='ltr'>e.</span> <span class='ocrx_word' id='word_1_109' title='bbox 1044 1973 1183 2018; x_wconf 89' lang='lat' dir='ltr'>numerus</span> 
     </span>
     <span class='ocr_line' id='line_1_15' title="bbox 171 2058 1182 2155; baseline 0.005 -26"><span class='ocrx_word' id='word_1_110' title='bbox 171 2064 277 2152; x_wconf 77' lang='lat' dir='ltr'>uliquis</span> <span class='ocrx_word' id='word_1_111' title='bbox 301 2065 449 2142; x_wconf 88' lang='lat' dir='ltr'>coelestis,</span> <span class='ocrx_word' id='word_1_112' title='bbox 480 2058 824 2149; x_wconf 55' lang='lat' dir='ltr'>&amp;ceopiscoporum</span> <span class='ocrx_word' id='word_1_113' title='bbox 852 2105 886 2118; x_wconf 76' lang='lat'>—-</span> <span class='ocrx_word' id='word_1_114' title='bbox 906 2069 968 2153; x_wconf 91' lang='lat' dir='ltr'>jam</span> <span class='ocrx_word' id='word_1_115' title='bbox 991 2081 1111 2155; x_wconf 87' lang='lat' dir='ltr'>praesto</span> <span class='ocrx_word' id='word_1_116' title='bbox 1135 2071 1182 2135; x_wconf 86' lang='lat' dir='ltr'>sit.</span> 
     </span>
     <span class='ocr_line' id='line_1_16' title="bbox 121 2179 1182 2269; baseline 0.003 -23"><span class='ocrx_word' id='word_1_117' title='bbox 121 2203 123 2212; x_wconf 68' lang='grc'>’</span> <span class='ocrx_word' id='word_1_118' title='bbox 170 2179 250 2246; x_wconf 86' lang='lat' dir='ltr'>Neve</span> <span class='ocrx_word' id='word_1_119' title='bbox 274 2184 341 2269; x_wconf 85' lang='lat' dir='ltr'>quis</span> <span class='ocrx_word' id='word_1_120' title='bbox 364 2181 489 2246; x_wconf 88' lang='lat' dir='ltr'>haesitet</span> <span class='ocrx_word' id='word_1_121' title='bbox 511 2184 541 2245; x_wconf 91' lang='lat' dir='ltr'>in</span> <span class='ocrx_word' id='word_1_122' title='bbox 561 2180 654 2246; x_wconf 85' lang='lat' dir='ltr'>verbo</span> <span class='ocrx_word' id='word_1_123' title='bbox 686 2179 853 2265; x_wconf 63' lang='grc' dir='ltr'>»πλῆθοςι</span> <span class='ocrx_word' id='word_1_124' title='bbox 885 2181 920 2246; x_wconf 92' lang='lat' dir='ltr'>dc</span> <span class='ocrx_word' id='word_1_125' title='bbox 944 2203 1067 2247; x_wconf 87' lang='lat' dir='ltr'>numero</span> <span class='ocrx_word' id='word_1_126' title='bbox 1092 2181 1182 2262; x_wconf 89' lang='lat' dir='ltr'>dicto,</span> 
     </span>
     <span class='ocr_line' id='line_1_17' title="bbox 171 2271 1184 2384; baseline 0.006 -26"><span class='ocrx_word' id='word_1_127' title='bbox 171 2299 341 2380; x_wconf 86' lang='lat' dir='ltr'>praesertim</span> <span class='ocrx_word' id='word_1_128' title='bbox 365 2271 431 2362; x_wconf 80' lang='lat' dir='ltr'>cum</span> <span class='ocrx_word' id='word_1_129' title='bbox 454 2297 636 2384; x_wconf 86' lang='lat' dir='ltr'>Pythagorei</span> <span class='ocrx_word' id='word_1_130' title='bbox 659 2317 813 2362; x_wconf 85' lang='lat' dir='ltr'>numerum</span> <span class='ocrx_word' id='word_1_131' title='bbox 838 2319 875 2362; x_wconf 86' lang='lat' dir='ltr'>ex</span> <span class='ocrx_word' id='word_1_132' title='bbox 898 2300 1011 2364; x_wconf 88' lang='lat' dir='ltr'>unitate</span> <span class='ocrx_word' id='word_1_133' title='bbox 1033 2312 1062 2364; x_wconf 90' lang='lat' dir='ltr'>et</span> <span class='ocrx_word' id='word_1_134' title='bbox 1086 2301 1184 2366; x_wconf 90' lang='lat' dir='ltr'>multi-</span> 
     </span>
     <span class='ocr_line' id='line_1_18' title="bbox 172 2406 1184 2495; baseline 0.007 -21"><span class='ocrx_word' id='word_1_135' title='bbox 172 2408 274 2474; x_wconf 89' lang='lat' dir='ltr'>tudiue</span> <span class='ocrx_word' id='word_1_136' title='bbox 297 2406 453 2494; x_wconf 80' lang='grc' dir='ltr'>(πλῆθος)</span> <span class='ocrx_word' id='word_1_137' title='bbox 477 2409 626 2474; x_wconf 87' lang='lat' dir='ltr'>effinxisse</span> <span class='ocrx_word' id='word_1_138' title='bbox 642 2407 836 2495; x_wconf 63' lang='lat' dir='ltr'>videanturh.</span> <span class='ocrx_word' id='word_1_139' title='bbox 874 2413 933 2479; x_wconf 90' lang='lat' dir='ltr'>Sed</span> <span class='ocrx_word' id='word_1_140' title='bbox 953 2417 1005 2479; x_wconf 87' lang='lat' dir='ltr'>vix</span> <span class='ocrx_word' id='word_1_141' title='bbox 1029 2416 1084 2481; x_wconf 88' lang='lat' dir='ltr'>hae</span> <span class='ocrx_word' id='word_1_142' title='bbox 1108 2415 1184 2482; x_wconf 86' lang='lat' dir='ltr'>diffi-</span> 
     </span>
     <span class='ocr_line' id='line_1_19' title="bbox 170 2525 1184 2619; baseline 0.008 -29"><span class='ocrx_word' id='word_1_143' title='bbox 170 2525 440 2612; x_wconf 80' lang='lat' dir='ltr'>cultatesuperata</span> <span class='ocrx_word' id='word_1_144' title='bbox 465 2527 494 2588; x_wconf 92' lang='lat' dir='ltr'>in</span> <span class='ocrx_word' id='word_1_145' title='bbox 517 2526 636 2590; x_wconf 85' lang='lat' dir='ltr'>alteram</span> <span class='ocrx_word' id='word_1_146' title='bbox 655 2528 804 2604; x_wconf 89' lang='lat' dir='ltr'>irruimus,</span> <span class='ocrx_word' id='word_1_147' title='bbox 829 2527 901 2616; x_wconf 92' lang='lat' dir='ltr'>quid</span> <span class='ocrx_word' id='word_1_148' title='bbox 917 2529 1009 2594; x_wconf 90' lang='lat' dir='ltr'>verba</span> <span class='ocrx_word' id='word_1_149' title='bbox 1031 2535 1184 2619; x_wconf 84' lang='lat' dir='ltr'>sequeutia</span> 
     </span>
    </p>
   </div>
   <div class='ocr_carea' id='block_1_4' title="bbox 179 2635 1296 2727">
    <p class='ocr_par' dir='ltr' id='par_1_4' title="bbox 179 2635 1296 2727">
     <span class='ocr_line' id='line_1_20' title="bbox 179 2635 1296 2727; baseline 0.011 -25"><span class='ocrx_word' id='word_1_150' title='bbox 179 2636 255 2706; x_wconf 75' lang='lat' dir='ltr'>»deci</span> <span class='ocrx_word' id='word_1_151' title='bbox 266 2636 302 2706; x_wconf 84' lang='lat' dir='ltr'>cd</span> <span class='ocrx_word' id='word_1_152' title='bbox 314 2635 355 2706; x_wconf 79' lang='lat' dir='ltr'>coi</span> <span class='ocrx_word' id='word_1_153' title='bbox 367 2640 463 2727; x_wconf 75' lang='grc' dir='ltr'><em>πάθη</em></span> <span class='ocrx_word' id='word_1_154' title='bbox 479 2641 580 2707; x_wconf 76' lang='grc' dir='ltr'><strong><em>ταῦτα</em></strong></span> <span class='ocrx_word' id='word_1_155' title='bbox 590 2637 793 2708; x_wconf 73' lang='grc' dir='ltr'>,α’κὸλουθετν</span> <span class='ocrx_word' id='word_1_156' title='bbox 804 2652 870 2720; x_wconf 72' lang='grc' dir='ltr'>τοῖς</span> <span class='ocrx_word' id='word_1_157' title='bbox 885 2644 994 2720; x_wconf 78' lang='grc' dir='ltr'><strong><em>τόποις</em></strong></span> <span class='ocrx_word' id='word_1_158' title='bbox 1010 2641 1176 2722; x_wconf 74' lang='lat' dir='ltr'>s‘xoioaotc‘</span> <span class='ocrx_word' id='word_1_159' title='bbox 1292 2639 1296 2654; x_wconf 68' lang='grc'><em>’</em></span> 
     </span>
    </p>
   </div>
   <div class='ocr_carea' id='block_1_5' title="bbox 98 2745 1221 3662">
    <p class='ocr_par' dir='ltr' id='par_1_5' title="bbox 170 2745 1184 3077">
     <span class='ocr_line' id='line_1_21' title="bbox 170 2745 1182 2849; baseline 0.008 -27"><span class='ocrx_word' id='word_1_160' title='bbox 170 2757 227 2824; x_wconf 89' lang='lat' dir='ltr'>sihi</span> <span class='ocrx_word' id='word_1_161' title='bbox 256 2759 356 2824; x_wconf 87' lang='lat' dir='ltr'>veiint.</span> <span class='ocrx_word' id='word_1_162' title='bbox 403 2757 452 2823; x_wconf 88' lang='lat' dir='ltr'>Ad</span> <span class='ocrx_word' id='word_1_163' title='bbox 481 2761 654 2824; x_wconf 86' lang='lat' dir='ltr'>senteutiam</span> <span class='ocrx_word' id='word_1_164' title='bbox 681 2745 764 2825; x_wconf 66' lang='lat' dir='ltr'>&#39;euim</span> <span class='ocrx_word' id='word_1_165' title='bbox 793 2763 929 2846; x_wconf 83' lang='lat' dir='ltr'>proxime</span> <span class='ocrx_word' id='word_1_166' title='bbox 958 2762 1182 2849; x_wconf 87' lang='lat' dir='ltr'>praecedentem</span> 
     </span>
     <span class='ocr_line' id='line_1_22' title="bbox 179 2872 1184 2963; baseline 0.014 -31"><span class='ocrx_word' id='word_1_167' title='bbox 179 2877 365 2956; x_wconf 73' lang='grc' dir='ltr'><strong><em>»συμβαίνει</em></strong></span> <span class='ocrx_word' id='word_1_168' title='bbox 388 2872 425 2938; x_wconf 77' lang='grc' dir='ltr'>δὲ</span> <span class='ocrx_word' id='word_1_169' title='bbox 441 2909 484 2922; x_wconf 92' lang='lat'><em>-</em></span> <span class='ocrx_word' id='word_1_170' title='bbox 499 2873 651 2954; x_wconf 73' lang='grc' dir='ltr'><em>μεγεθῶν</em></span> <span class='ocrx_word' id='word_1_171' title='bbox 672 2874 773 2938; x_wconf 80' lang='lat' dir='ltr'>referri</span> <span class='ocrx_word' id='word_1_172' title='bbox 797 2897 856 2939; x_wconf 87' lang='lat' dir='ltr'>nou</span> <span class='ocrx_word' id='word_1_173' title='bbox 879 2890 1016 2963; x_wconf 88' lang='lat' dir='ltr'>possunt.</span> <span class='ocrx_word' id='word_1_174' title='bbox 1052 2879 1125 2944; x_wconf 84' lang='lat' dir='ltr'>Natu</span> <span class='ocrx_word' id='word_1_175' title='bbox 1149 2893 1184 2946; x_wconf 87' lang='lat' dir='ltr'>ut</span> 
     </span>
     <span class='ocr_line' id='line_1_23' title="bbox 170 2988 1182 3077; baseline 0.011 -25"><span class='ocrx_word' id='word_1_176' title='bbox 170 2988 377 3077; x_wconf 84' lang='lat' dir='ltr'>Pythagoreos</span> <span class='ocrx_word' id='word_1_177' title='bbox 408 2989 548 3054; x_wconf 87' lang='lat' dir='ltr'>coelestes</span> <span class='ocrx_word' id='word_1_178' title='bbox 572 3011 642 3054; x_wconf 90' lang='lat' dir='ltr'>sane</span> <span class='ocrx_word' id='word_1_179' title='bbox 665 3011 804 3056; x_wconf 89' lang='lat' dir='ltr'>numeros</span> <span class='ocrx_word' id='word_1_180' title='bbox 828 3013 866 3057; x_wconf 89' lang='lat' dir='ltr'>ex</span> <span class='ocrx_word' id='word_1_181' title='bbox 890 2990 1044 3060; x_wconf 88' lang='lat' dir='ltr'>distantiae</span> <span class='ocrx_word' id='word_1_182' title='bbox 1068 2998 1182 3064; x_wconf 88' lang='lat' dir='ltr'>rationo</span> 
     </span>
    </p>

    <p class='ocr_par' dir='ltr' id='par_1_6' title="bbox 98 3099 1221 3662">
     <span class='ocr_line' id='line_1_24' title="bbox 170 3099 1176 3192; baseline 0.005 -23"><span class='ocrx_word' id='word_1_183' title='bbox 170 3103 351 3192; x_wconf 87' lang='lat' dir='ltr'>disposuisse</span> <span class='ocrx_word' id='word_1_184' title='bbox 368 3105 461 3172; x_wconf 86' lang='lat' dir='ltr'>videri</span> <span class='ocrx_word' id='word_1_185' title='bbox 471 3099 491 3189; x_wconf 88' lang='lat'>¹)</span> <span class='ocrx_word' id='word_1_186' title='bbox 508 3109 656 3183; x_wconf 88' lang='lat' dir='ltr'>omittam,</span> <span class='ocrx_word' id='word_1_187' title='bbox 681 3105 762 3172; x_wconf 91' lang='lat' dir='ltr'>haud</span> <span class='ocrx_word' id='word_1_188' title='bbox 779 3106 862 3174; x_wconf 85' lang='lat' dir='ltr'>facile</span> <span class='ocrx_word' id='word_1_189' title='bbox 879 3121 956 3174; x_wconf 86' lang='lat' dir='ltr'>certe</span> <span class='ocrx_word' id='word_1_190' title='bbox 973 3107 1010 3173; x_wconf 94' lang='lat' dir='ltr'>ad</span> <span class='ocrx_word' id='word_1_191' title='bbox 1034 3112 1176 3176; x_wconf 72' lang='lat' dir='ltr'>»coiea«</span> 
     </span>
     <span class='ocr_line' id='line_1_25' title="bbox 98 3203 1183 3312; baseline 0.009 -28"><span class='ocrx_word' id='word_1_192' title='bbox 98 3203 102 3210; x_wconf 48' lang='grc'><em>’</em></span> <span class='ocrx_word' id='word_1_193' title='bbox 171 3220 339 3287; x_wconf 78' lang='lat' dir='ltr'>affectiones</span> <span class='ocrx_word' id='word_1_194' title='bbox 362 3225 489 3300; x_wconf 88' lang='lat' dir='ltr'>numeri,</span> <span class='ocrx_word' id='word_1_195' title='bbox 520 3222 555 3288; x_wconf 86' lang='lat' dir='ltr'>de</span> <span class='ocrx_word' id='word_1_196' title='bbox 579 3223 690 3312; x_wconf 85' lang='lat' dir='ltr'>quihus</span> <span class='ocrx_word' id='word_1_197' title='bbox 713 3237 798 3290; x_wconf 88' lang='lat' dir='ltr'>antea</span> <span class='ocrx_word' id='word_1_198' title='bbox 822 3226 862 3290; x_wconf 93' lang='lat' dir='ltr'>nil</span> <span class='ocrx_word' id='word_1_199' title='bbox 887 3224 996 3292; x_wconf 87' lang='lat' dir='ltr'>dictum</span> <span class='ocrx_word' id='word_1_200' title='bbox 1022 3237 1080 3303; x_wconf 90' lang='lat' dir='ltr'>cst,</span> <span class='ocrx_word' id='word_1_201' title='bbox 1111 3227 1183 3294; x_wconf 89' lang='lat' dir='ltr'>suh-</span> 
     </span>
     <span class='ocr_line' id='line_1_26' title="bbox 172 3333 1221 3434; baseline 0.013 -36"><span class='ocrx_word' id='word_1_202' title='bbox 172 3333 329 3400; x_wconf 88' lang='lat' dir='ltr'>audivcris.</span> <span class='ocrx_word' id='word_1_203' title='bbox 375 3338 450 3402; x_wconf 88' lang='lat' dir='ltr'>Mihi</span> <span class='ocrx_word' id='word_1_204' title='bbox 480 3338 530 3404; x_wconf 88' lang='lat' dir='ltr'>dtu</span> <span class='ocrx_word' id='word_1_205' title='bbox 559 3339 670 3417; x_wconf 92' lang='lat' dir='ltr'>duhio,</span> <span class='ocrx_word' id='word_1_206' title='bbox 702 3363 738 3404; x_wconf 91' lang='lat' dir='ltr'>au</span> <span class='ocrx_word' id='word_1_207' title='bbox 767 3363 827 3406; x_wconf 90' lang='lat' dir='ltr'>nou</span> <span class='ocrx_word' id='word_1_208' title='bbox 847 3344 960 3428; x_wconf 76' lang='lat' dir='ltr'>&#39;spuria</span> <span class='ocrx_word' id='word_1_209' title='bbox 991 3345 1050 3409; x_wconf 88' lang='lat' dir='ltr'>sint</span> <span class='ocrx_word' id='word_1_210' title='bbox 1079 3343 1181 3423; x_wconf 82' lang='lat' dir='ltr'>verba,</span> <span class='ocrx_word' id='word_1_211' title='bbox 1217 3425 1221 3434; x_wconf 28' lang='lat'><em>¹</em></span> 
     </span>
     <span class='ocr_line' id='line_1_27' title="bbox 170 3453 1182 3545; baseline 0.012 -31"><span class='ocrx_word' id='word_1_212' title='bbox 170 3471 249 3517; x_wconf 91' lang='lat' dir='ltr'>nunc</span> <span class='ocrx_word' id='word_1_213' title='bbox 271 3453 399 3539; x_wconf 88' lang='lat' dir='ltr'>peruasi,</span> <span class='ocrx_word' id='word_1_214' title='bbox 423 3463 494 3537; x_wconf 92' lang='lat' dir='ltr'>post</span> <span class='ocrx_word' id='word_1_215' title='bbox 508 3457 658 3534; x_wconf 70' lang='grc' dir='ltr'>μεγεθῶν</span> <span class='ocrx_word' id='word_1_216' title='bbox 672 3457 951 3545; x_wconf 87' lang='lat' dir='ltr'>interpungendum,</span> <span class='ocrx_word' id='word_1_217' title='bbox 977 3471 1007 3522; x_wconf 91' lang='lat' dir='ltr'>et</span> <span class='ocrx_word' id='word_1_218' title='bbox 1022 3459 1113 3525; x_wconf 88' lang='lat' dir='ltr'>verba</span> <span class='ocrx_word' id='word_1_219' title='bbox 1130 3483 1182 3526; x_wconf 87' lang='lat' dir='ltr'>ex·</span> 
     </span>
     <span class='ocr_line' id='line_1_28' title="bbox 170 3563 1181 3662; baseline 0.008 -28"><span class='ocrx_word' id='word_1_220' title='bbox 170 3579 262 3635; x_wconf 88' lang='lat' dir='ltr'>trema</span> <span class='ocrx_word' id='word_1_221' title='bbox 287 3563 342 3632; x_wconf 80' lang='lat' dir='ltr'>dcci</span> <span class='ocrx_word' id='word_1_222' title='bbox 358 3601 402 3614; x_wconf 89' lang='lat'>-</span> <span class='ocrx_word' id='word_1_223' title='bbox 417 3563 561 3658; x_wconf 74' lang='lat' dir='ltr'>s‘scio‘coae</span> <span class='ocrx_word' id='word_1_224' title='bbox 591 3571 629 3636; x_wconf 89' lang='lat' dir='ltr'>ad</span> <span class='ocrx_word' id='word_1_225' title='bbox 651 3574 825 3658; x_wconf 86' lang='lat' dir='ltr'>conjunctas</span> <span class='ocrx_word' id='word_1_226' title='bbox 847 3574 1057 3660; x_wconf 85' lang='lat' dir='ltr'>praecedentes</span> <span class='ocrx_word' id='word_1_227' title='bbox 1080 3577 1181 3662; x_wconf 87' lang='lat' dir='ltr'>partes</span> 
     </span>
    </p>
   </div>
   <div class='ocr_carea' id='block_1_6' title="bbox 229 3731 658 3806">
    <p class='ocr_par' dir='ltr' id='par_1_7' title="bbox 229 3731 658 3806">
     <span class='ocr_line' id='line_1_29' title="bbox 229 3731 658 3806; baseline 0.007 -19"><span class='ocrx_word' id='word_1_228' title='bbox 229 3735 248 3800; x_wconf 90' lang='lat'>¹)</span> <span class='ocrx_word' id='word_1_229' title='bbox 273 3734 304 3788; x_wconf 84' lang='lat' dir='ltr'>cf.</span> <span class='ocrx_word' id='word_1_230' title='bbox 323 3740 356 3788; x_wconf 90' lang='lat' dir='ltr'>N.</span> <span class='ocrx_word' id='word_1_231' title='bbox 377 3751 397 3789; x_wconf 89' lang='lat' dir='ltr'>c.</span> <span class='ocrx_word' id='word_1_232' title='bbox 414 3734 435 3788; x_wconf 88' lang='lat'>1.</span> <span class='ocrx_word' id='word_1_233' title='bbox 455 3731 584 3790; x_wconf 68' lang='lat'>10871210</span> <span class='ocrx_word' id='word_1_234' title='bbox 601 3753 658 3806; x_wconf 85' lang='lat' dir='ltr'>sqq.</span> 
     </span>
    </p>
   </div>
   <div class='ocr_carea' id='block_1_7' title="bbox 172 3812 1180 3984">
    <p class='ocr_par' dir='ltr' id='par_1_8' title="bbox 172 3812 1180 3984">
     <span class='ocr_line' id='line_1_30' title="bbox 227 3812 1180 3912; baseline 0.006 -27"><span class='ocrx_word' id='word_1_235' title='bbox 227 3831 248 3898; x_wconf 82' lang='lat'>¹)</span> <span class='ocrx_word' id='word_1_236' title='bbox 272 3832 303 3886; x_wconf 84' lang='lat' dir='ltr'>cf.</span> <span class='ocrx_word' id='word_1_237' title='bbox 313 3833 492 3904; x_wconf 79' lang='lat' dir='ltr'>gravissimum</span> <span class='ocrx_word' id='word_1_238' title='bbox 508 3835 682 3890; x_wconf 83' lang='lat' dir='ltr'>testimonium</span> <span class='ocrx_word' id='word_1_239' title='bbox 693 3833 831 3892; x_wconf 79' lang='lat' dir='ltr'>Alexandri</span> <span class='ocrx_word' id='word_1_240' title='bbox 846 3812 876 3890; x_wconf 82' lang='lat' dir='ltr'>de</span> <span class='ocrx_word' id='word_1_241' title='bbox 892 3835 938 3891; x_wconf 84' lang='lat' dir='ltr'>hae</span> <span class='ocrx_word' id='word_1_242' title='bbox 952 3853 978 3890; x_wconf 86' lang='lat' dir='ltr'>re</span> <span class='ocrx_word' id='word_1_243' title='bbox 991 3855 1015 3908; x_wconf 88' lang='lat' dir='ltr'>p.</span> <span class='ocrx_word' id='word_1_244' title='bbox 1025 3833 1068 3903; x_wconf 81' lang='lat'>55,</span> <span class='ocrx_word' id='word_1_245' title='bbox 1079 3835 1113 3896; x_wconf 81' lang='lat'>23</span> <span class='ocrx_word' id='word_1_246' title='bbox 1124 3857 1180 3912; x_wconf 85' lang='lat' dir='ltr'>sqq.</span> 
     </span>
     <span class='ocr_line' id='line_1_31' title="bbox 172 3926 600 3984; baseline 0.016 -4"><span class='ocrx_word' id='word_1_247' title='bbox 172 3926 210 3981; x_wconf 88' lang='lat' dir='ltr'>cd.</span> <span class='ocrx_word' id='word_1_248' title='bbox 226 3928 290 3984; x_wconf 83' lang='lat' dir='ltr'>Bou.</span> <span class='ocrx_word' id='word_1_249' title='bbox 598 3945 600 3948; x_wconf 86' lang='grc'><strong><em>·</em></strong></span> 
     </span>
    </p>
   </div>
   <div class='ocr_carea' id='block_1_8' title="bbox 0 0 1460 4778">
    <p class='ocr_par' dir='ltr' id='par_1_9' title="bbox 0 0 1460 4778">
     <span class='ocr_line' id='line_1_32' title="bbox 0 0 1460 4778; baseline 0 0"><span class='ocrx_word' id='word_1_250' title='bbox 0 0 1460 4778; x_wconf 95' lang='lat' dir='ltr'> </span> 
     </span>
    </p>
   </div>
  </div>
 </body>
</html>
