2962 4770
664 345 834 476 υ,

249 544 342 647 ganus
370 559 522 624 relationis
552 579 667 644 semper
689 560 783 622 inesse
808 551 938 640 datast,
968 535 1140 622 nontamen
1164 556 1260 644 digni·

199 724 204 736 ,
248 687 336 740 tatem
367 676 599 740 substantiarum
624 674 677 738 Ar.
700 673 756 737 iilis
780 672 894 738 tribuit.
939 673 1040 760 ltaque
1064 695 1122 738 non
1147 696 1163 737 a
1186 695 1258 738 vero

249 791 468 868 aberrabimus,
499 794 524 855 si
555 790 645 855 verba
675 785 710 854 ἐν
732 783 794 873 γάρ
823 827 857 841 -
884 785 1056 873 ἐνυπάρχει
1083 803 1152 876 post
1182 784 1261 852 καθ’

249 902 347 970 ἑαυτό
370 910 413 986 (v.
435 903 488 988 16)
511 909 707 991 posuerimus.

319 1019 418 1106 1032⁵
435 1021 484 1086 15.
509 1021 573 1086 τῶν
589 1021 625 1084 δὲ
639 1023 794 1101 γενέσεων
808 1023 862 1082 καλ
877 1017 1029 1104 κινήσεων
1043 1009 1065 1104 ἤ
1079 1023 1139 1102 μὲν
1152 1018 1262 1103 νόησις

225 1136 394 1201 ,καλεῖται
421 1134 440 1222 ἢ
467 1135 503 1200 δὲ
531 1141 670 1221 ποίησις,
699 1134 717 1220 ἡ
745 1137 805 1218 μὲν
834 1129 899 1198 eino*
928 1135 983 1218 τῆς
1005 1130 1103 1219 ἀρχῆς
1125 1138 1181 1198 καὶ
1202 1133 1259 1198 τοῦ

247 1253 355 1328 εἴδους
384 1247 511 1336 νόησις,
547 1249 566 1336 ἢ
599 1251 630 1314 d’
647 1245 711 1314 ἀπὸ
741 1250 798 1315 τοῦ
825 1247 1008 1313 τελευταίου
1037 1249 1091 1335 τῆς
1120 1240 1262 1334 νοήσεως

206 1420 208 1424 .
249 1372 383 1452 ποίησις.
418 1366 518 1431 Verba
549 1387 624 1452 quae
648 1377 814 1453 sequuntur
836 1359 955 1449 ὁμοίως
978 1365 1015 1429 δὲ
1037 1368 1092 1427 καὶ
1113 1365 1178 1430 τῶν
1199 1357 1261 1427 ἄλ-

247 1483 314 1548 λων
342 1481 407 1546 τοῖν
435 1472 557 1562 μεταξὺ
587 1481 721 1542 ἕκαστον
748 1484 888 1559 γίγνεται
916 1480 953 1544 ad
983 1480 1059 1544 hane
1086 1461 1259 1545 sentiatiam

246 1599 364 1661 minime
377 1595 478 1660 referri
492 1608 627 1681 possunt,
640 1594 691 1658 sed
705 1617 770 1659 cnm
785 1598 830 1671 iis,
844 1617 920 1682 quae
932 1607 1016 1660 antea
1026 1616 1055 1660 v.
1066 1594 1102 1660 11
1113 1593 1192 1660 -15
1206 1617 1260 1658 ex-

247 1715 344 1800 posita
358 1724 437 1788 sunt,
456 1713 616 1775 arctissime
632 1711 800 1777 cohaerent.
822 1711 895 1776 Nam
913 1733 978 1776 eum
995 1711 1180 1776 anteaAr.in
1194 1713 1261 1774 uni·

246 1843 364 1891 versum
389 1829 542 1889 sanitatem
566 1847 603 1888 ex
619 1829 740 1890 notione
756 1828 890 1891 sanitatis
907 1827 981 1892 effici
998 1827 1156 1902 docuisset,
1181 1847 1260 1890 nune

248 1941 368 2006 eandem
385 1943 528 2029 rationem
553 1919 696 2022 (ὁμοίως)
721 1941 758 2005 ad
779 1942 909 2028 singulas
931 1955 1029 2027 partes
1052 1934 1258 2024 (ὁμαλότητα,

247 2054 454 2141 θερμότητα),
478 2053 556 2119 unde
580 2053 709 2140 perfecta
734 2068 821 2142 atque
845 2055 980 2119 abso'iuta
998 2059 1108 2120 sanitas
1124 2054 1259 2143 prodeat,
1276 2089 1290 2112 ·

246 2171 394 2236 transfert.
421 2171 578 2257 Perperam
594 2173 686 2258 igitur
699 2171 789 2263 verba
804 2173 869 2234 suiv
885 2169 921 2234 δὲ
937 2209 972 2221 -
987 2167 1112 2256 πολησος
1127 2168 1269 2236 ordinem-

247 2285 458 2372 disputationis
474 2284 708 2371 interrumpunt,
732 2308 786 2350 nee
810 2275 1059 2373 quo’pertineant
1072 2287 1189 2352 diffieiie
1209 2309 1259 2352 eo-

246 2403 341 2488 gnitu.
381 2400 496 2496 Etenim
521 2421 586 2464 eum
610 2400 662 2464 Ar.
680 2423 709 2466 v.
727 2400 746 2466 9
765 2415 794 2466 et
812 2400 852 2466 10
874 2405 1055 2489 operationis
1079 2398 1258 2488 (ποιήσεως)

248 2515 346 2581 obiter
370 2518 545 2581 mentionem
576 2515 706 2594 iecisset,
737 2530 842 2603 postea
871 2521 900 2581 in
927 2521 1058 2605 margine
1085 2523 1131 2584 sui
1159 2540 1255 2583 exem-

179 2628 182 2634 ’
243 2633 348 2720 piaris,
374 2631 525 2734 quomodo
550 2635 684 2717 operatio
709 2653 725 2694 a
748 2633 936 2698 meditatione
953 2633 1078 2713 differat,
1102 2635 1253 2700 adnotasse

244 2745 374 2810 videtur.

315 2859 415 2925 103712
438 2860 467 2926 7.
493 2862 553 2927 νῦν
577 2860 613 2926 δὲ
636 2859 778 2945 λέγωμεν
801 2868 938 2949 πρῶτον,
963 2864 1017 2952 ἐφ’
1040 2864 1118 2931 ὅσον
1140 2863 1172 2929 ἓν
1189 2867 1264 2942 eois

246 2971 452 3050 ἀναλυτικοῖς
474 2982 547 3062 περὶ
570 2975 704 3062 ὁρισμοῦ
726 2975 769 3064 μή
794 2983 924 3064 εἴρηται.
965 2979 1203 3061 Disputationem
1225 2979 1255 3040 in

183 3139 185 3144 ,
245 3113 310 3178 oap.
328 3089 381 3156 XII
403 3095 567 3158 institutam
593 3095 630 3158 ab
656 3095 711 3158 aiia
728 3094 774 3158 vel
790 3092 979 3159 antecedente
995 3093 1041 3154 vai
1057 3093 1257 3178 subsequente

245 3206 399 3293 distingui,
424 3208 516 3276 verba
541 3207 621 3272 »vain
645 3207 701 3272 ds«
732 3231 845 3274 summo
870 3229 934 3271 eum
958 3203 1089 3291 pondere
1113 3207 1142 3267 in
1159 3203 1256 3268 fronte

246 3304 461 3386 enuntiationis
486 3325 584 3408 posita
608 3338 737 3390 monent.
776 3323 806 3386 ln
832 3325 867 3386 iis
891 3335 998 3399 antem,
1023 3341 1098 3409 quae
1121 3323 1257 3408 proxime

245 3436 437 3514 antecedunt,
466 3439 539 3504 nihii
563 3443 727 3516 invenitur,
758 3437 838 3525 qnod
862 3438 902 3502 illi
926 3418 993 3505 νῦν
1009 3435 1047 3502 δὲ
1068 3435 1256 3530 respondeat.

244 3550 304 3616 Sed
330 3564 397 3617 ante
421 3573 483 3616 eam
508 3565 637 3639 partem,
670 3577 727 3643 qua
758 3557 854 3640 capita
884 3557 992 3640 prioris
1015 3555 1108 3639 partis
1131 3553 1199 3618 iibri
1221 3554 1257 3613 Z.

245 3667 546 3753 comprehenduntur,
570 3670 638 3735 loeo
663 3689 723 3732 non
747 3672 843 3733 minus
862 3681 949 3733 aeuto
966 3645 1090 3754 legimus
1105 3671 1258 3733 σκεπτέον

245 3821 457 3835 Μ

301 3908 321 3977 ¹)
335 3879 377 3962 ei.
392 3875 470 3983 eateg.
484 3907 513 3966 θ’
525 3908 568 3964 31.
