2962 4770
739 391 780 453 04

325 569 424 641 105312
440 571 490 638 13.
516 573 535 659 ἢ
550 523 676 655 uuillen
691 565 858 634 ὑπόκειταί
870 591 917 644 τις
932 562 1039 655 φύσις,
1064 571 1118 633 καὶ
1133 573 1201 645 mesia
1218 569 1271 633 dat

255 693 502 777 γνωριμωτέρως
525 689 685 775 λεχθῆναι
708 689 764 752 καὶ
783 683 910 770 μᾶλλον
926 683 1032 772 ὥσπερ
1055 682 1086 750 oi
1108 690 1180 772 περὶ
1202 681 1269 773 ‹pcl-

256 825 343 884 σεως.
379 810 494 893 Quibus
519 805 741 872 difficultatibus
765 803 839 875 haec
854 804 949 890 ,verba
973 804 1120 890 implicata
1142 805 1211 882 sint,
1236 817 1270 870 ut

256 928 442 1013 sagacissime
477 925 632 988 Bonitzius
670 921 860 1010 significavit,
897 923 937 984 ita
972 921 1171 1004 conjecturam
1206 922 1270 1006 ejus

157 1043 162 1056 “
256 1041 417 1126 λεχθῆναι
441 1037 461 1126 ἢ
489 1039 615 1124 μᾶλλον
639 1036 745 1122 ὥσπερ
769 1033 800 1100 οἳ
822 1040 896 1118 περὶ
918 1030 1045 1120 φύσεως
1074 1037 1145 1100 milri
1174 1035 1271 1101 heud-

256 1180 404 1247 quaquam
427 1158 577 1245 probavit.
613 1155 757 1243 Equidem
782 1175 886 1218 censeo
908 1167 1018 1217 rectam
1033 1153 1080 1217 vel
1096 1152 1271 1218 emendandi

255 1275 302 1338 vel
325 1274 494 1361 explicandi
517 1277 593 1339 viam
624 1274 782 1336 monstrari
809 1292 869 1334 uno
885 1269 959 1334 ‘loco
985 1269 1090 1334 collato
1122 1267 1222 1334 10010
1238 1267 1269 1334 0.

255 1389 399 1454 Πλάτων
421 1394 481 1472 μὲν
502 1386 565 1470 γὰρ
590 1390 644 1450 καὶ
667 1385 698 1452 ui
716 1385 943 1471 Πυθαγόρειοι
966 1377 1027 1464 οιῗχ
1050 1385 1159 1469 ἕτερόν
1181 1409 1211 1446 τι
1233 1378 1271 1448 ed

256 1502 295 1568 ὂν
312 1501 387 1570 οὐδὲ
410 1501 444 1566 τὸ
470 1505 505 1566 ἓν
518 1548 525 1565 .
539 1548 546 1564 .
560 1546 587 1564 ..
610 1498 642 1566 oi
666 1501 702 1566 oa
722 1501 945 1586 περὶφύσεως,
968 1495 1271 1585 ιῖονἛμπεδοιιλῆς,

257 1618 299 1696 ὡς
328 1620 373 1697 εἷς
399 1619 642 1705 γνωριμώτερον
670 1611 804 1696 ἀνάγων
833 1615 917 1697 λέγει
945 1614 1016 1678 ὅτι
1044 1610 1079 1678 τὸ
1111 1617 1146 1680 ἕν
1177 1615 1272 1681 ἐστιν.

211 1823 215 1832 Ι
255 1739 427 1802 Platonicos
451 1739 527 1801 enirn
551 1749 580 1800 et
602 1735 810 1824 Pythagoreos
834 1733 979 1797 obscurae
1003 1745 1092 1820 atque
1110 1731 1271 1806 ,abstrusae

258 1853 410 1918 doctrinae
434 1852 469 1916 de
494 1874 573 1915 mera
596 1853 719 1915 unitatis
742 1863 847 1914 natura
863 1849 916 1914 Ar.
933 1851 1065 1914 incusat:
1090 1850 1271 1917 enucleatius

255 1971 406 2058 physicos,
432 1967 504 2056 quid
527 1970 635 2031 unitati
658 1967 841 2031 substratum
865 1969 913 2042 sit,
939 1966 1154 2053 explanavisse.
1197 1967 1295 2048 Hinc,

231 2069 380 2174 *apparet
403 2107 464 2163 cus,
490 2087 541 2174 qui
564 2085 621 2149 hoe
644 2084 710 2148 loco
735 2084 866 2169 apertius
891 2103 951 2146 rem
968 2082 1132 2149 declarasse
1149 2083 1271 2150 laudan·
1332 2109 1334 2112 ·

256 2219 315 2280 tur,
341 2205 423 2291 ipsos
439 2204 581 2292 physicos
598 2223 671 2278 esse,
689 2223 742 2266 nee
758 2223 774 2265 a
791 2200 928 2264 Bonitzio
946 2223 962 2264 a
978 2201 1112 2290 physicis
1129 2201 1289 2290 distingui¹

258 2318 405 2384 debuisse.
441 2320 541 2406 Atque
566 2322 645 2382 omni
660 2320 738 2404 parti
754 2318 918 2395 satisfieret,
944 2320 968 2382 si
986 2322 1095 2384 omisso
1112 2317 1179 2392 πῶς
1194 2318 1272 2407 lege·

245 2449 340 2500 uetur
362 2430 385 2520 'l
410 2433 536 2518 μᾶλλον
559 2431 725 2499 ὑπόκειταί
752 2457 798 2509 τις
826 2429 923 2520 φύσις
951 2438 1006 2498 καὶ
1033 2435 1085 2499 det
1104 2457 1271 2520 γνωριμω-

167 2577 170 2589 s
258 2553 355 2635 τέρως
379 2550 600 2637 λεχθῆναι...
648 2551 708 2616 Sed
733 2574 846 2628 vereor,
875 2574 910 2616 ne
934 2552 982 2616 illa
1007 2542 1111 2636 ejectio
1136 2539 1269 2617 adverbii

258 2669 325 2742 πῶς
348 2669 490 2732 audacior
513 2670 560 2742 sit,
587 2681 615 2731 et
638 2667 836 2753 explicatione
859 2665 931 2730 illud
955 2667 1022 2742 πῶς
1045 2666 1142 2734 fulciri
1165 2670 1268 2756 possit.

256 2785 377 2871 Physici
406 2787 481 2847 euim
514 2796 543 2848 et
565 2784 622 2870 ipsi
646 2806 750 2849 rursus
774 2786 803 2848 in
828 2782 959 2849 diversas
983 2795 1081 2870 partes
1106 2783 1266 2859 discedunt,

234 2922 323 2965 *cum
347 2900 422 2964 alius
446 2902 601 2967 amicitiam
626 2898 763 2986 (φιλίαν)
789 2902 862 2967 alius
886 2923 982 2966 aerem
1006 2896 1111 2987 (ἀέρα)
1136 2902 1212 2966 alius
1228 2905 1271 2965 in-

256 2997 572 3101 finitatemldrraepov)
590 3017 664 3083 elius
688 3019 768 3082 aliud
793 3018 865 3105 quid
886 3020 993 3082 unitati
1009 3019 1192 3082 substratum
1209 3038 1271 3080 esse

258 3135 473 3200 contenderint.
512 3135 577 3198 Huc
607 3133 679 3198 illud
702 3132 770 3208 πῶς
793 3134 940 3198 retulerim
965 3149 995 3199 et
1017 3147 1147 3200 extrema
1171 3132 1271 3197 dilem-

257 3253 343 3314 matis
366 3263 450 3336 parte
474 3271 577 3313 rursus
600 3248 736 3314 bilariam
761 3249 883 3314 diremta
900 3253 940 3314 ite
957 3249 1048 3315 verba
1065 3249 1270 3338 explicuerim:

256 3343 366 3431 utrum
381 3366 542 3431 secuudum
560 3367 729 3432 Platonicos
752 3368 850 3431 unitas
874 3369 937 3453 ipsa
961 3389 1014 3454 per
1035 3390 1065 3432 se
1089 3367 1272 3434 substantiae

258 3484 430 3572 dignitatem
455 3484 554 3560 habet,
580 3507 615 3549 an
640 3485 743 3548 subest
759 3485 857 3573 eliqua
874 3498 989 3562 natura,
1014 3487 1082 3550 etsi
1098 3484 1271 3568 merephy·

258 3605 396 3674 sicorum,
421 3599 582 3664 Platonicis
605 3602 735 3666 tenebris
757 3604 861 3679 missis,
886 3615 1018 3666 naturam
1036 3597 1183 3684 quandem
1199 3592 1269 3657 sub-

165 3773 167 3778 .
258 3728 379 3781 stratam
403 3737 465 3780 esse
491 3715 647 3786 dilucidius
670 3717 925 3793 declaraverimus,
951 3735 1093 3802 quaenam
1110 3706 1201 3791 (πῶς)
1217 3729 1269 3772 11³·

257 3845 326 3896 tura
350 3832 500 3897 substrata
525 3831 590 3895 esti’

328 3942 426 4010 tuate
441 3945 470 4012 6.
497 3940 548 4010 oet
573 3943 612 4012 οὗ
633 3953 701 4015 πᾶν
724 3951 741 4014 d
766 3945 843 4037 ἄνῇ
865 3949 901 4010 ἓν
917 3940 1059 4030 ἀριθμός
1081 3938 1175 4018 ἔστιν,
1198 3939 1269 4008 οἷον
1371 4026 1380 4042 .
