2962 4770
612 391 771 490 L

187 573 242 639 ia're
266 565 396 660 quatuor
407 566 545 638 rer-sibus
567 569 664 659 iis'que
687 569 834 636 diversam
858 571 1029 636 sententium
1045 568 1197 634 includen-

187 683 267 754 tiitu'a
296 688 461 775 interrupta
490 691 557 754 sint.
610 685 670 752 Nec
701 685 901 752 difficultatem
931 685 1029 753 verbis
1056 679 1132 759 eoric
1160 684 1198 748 δὲ

187 800 293 888 ὥσπερ
310 835 352 848 -
367 799 450 878 ’ἔθος
471 804 553 868 uncis
576 803 698 868 inclusis
721 801 822 868 toiic're
841 803 916 879 iicet,
942 803 1052 889 quippe
1069 819 1196 887 quorurn

187 931 334 984 structura
358 940 419 982 non
437 919 534 994 libera
557 921 604 994 sit,
629 917 681 982 sed
705 916 925 1005 apraeccdenti
941 914 1109 998 νομίζομεν
1124 938 1192 1001 pen·

187 1032 264 1098 dect.
300 1034 432 1110 Accedit,
458 1032 540 1120 qnod
564 1033 629 1098 cod.
647 1033 688 1097 Di
704 1046 733 1097 ct
748 1033 790 1097 Ab
804 1055 834 1118 p.
854 1054 891 1097 m.
916 1026 991 1106 roric
1014 1029 1050 1095 oa
1065 1069 1101 1082 -
1117 1027 1197 1106 ἔθος

70 1175 74 1179 ’
187 1149 333 1226 omittant,
356 1169 408 1214 nec
421 1137 508 1213 Ales.
527 1148 661 1235 explicet.
695 1146 754 1212 Sed
772 1169 886 1224 caveas,
903 1148 1024 1211 nehinc
1039 1146 1088 1211 ilia
1104 1145 1196 1211 verba

186 1266 287 1350 spuria
312 1285 376 1328 esse
403 1285 469 1328 cum
494 1261 685 1350 Schwegiero
709 1285 843 1340 censeas3
871 1263 920 1326 iiia
944 1266 1020 1326 enim
1043 1261 1134 1326 verba
1158 1260 1196 1324 ab

187 1378 238 1442 Ar.
262 1391 367 1475 postea
396 1399 456 1444 rem
486 1377 625 1442 dilatante
656 1381 685 1440 in
709 1379 841 1464 margine
864 1376 978 1462 adjecta
1002 1389 1086 1452 sunt,
1118 1374 1197 1440 unde

91 1559 95 1567 ,
186 1493 277 1557 altera
301 1493 387 1558 codd.
406 1491 513 1556 familie
537 1515 570 1557 ea
594 1494 701 1567 omisit,
726 1493 816 1556 altera
834 1505 905 1577 post
920 1494 1027 1556 ἴσασιν
1041 1491 1195 1575 interjecit.

185 1605 323 1672 Fortasse
350 1620 446 1672 tamen
475 1611 706 1693 transpositione
731 1627 850 1692 quoque
874 1606 1031 1670 difficultas
1054 1606 1119 1671 tolli
1142 1627 1196 1690 po·

186 1731 253 1794 test,
278 1721 376 1785 verbis
391 1716 467 1795 τοὺς
483 1721 519 1785 oa
537 1751 576 1770 ν·
595 1719 675 1793 ἔθος
689 1732 759 1816 post
773 1717 936 1802 γνωρίζειν
951 1714 992 1800 (v.
1007 1715 1040 1799 6)
1055 1719 1194 1801 trajectis:

137 1809 142 1828 Ι
254 1831 333 1902 9811)
348 1833 401 1898 25.
426 1836 549 1920 εἴρηται
559 1837 618 1916 μὲν
629 1829 689 1898 οὖν
703 1877 739 1887 --
754 1831 882 1917 putico
897 1847 908 1878 θ
924 1832 952 1898 1.
976 1833 1083 1898 Verbis
1100 1845 1197 1897 extre·

186 1951 255 2012 ruis:
287 1946 395 2023 ιῶστε,
420 1948 572 2031 καθάπερ
596 1950 718 2032 εἴρηται
740 1944 905 2035 πρότερον,
928 1945 947 2013 ὃ
969 1953 1029 2032 μὲν
1048 1945 1196 2034 ἔμπειρος

185 2068 250 2128 τῶν
264 2060 442 2128 ὁποιανοῦν
464 2063 603 2145 ἐχόντων
617 2065 772 2148 αἴσθησιν
787 2065 871 2128 εἶναι
894 2062 986 2128 δοκεῖ
1004 2061 1195 2147 σοφώτερος,

185 2177 203 2244 ὁ
226 2179 263 2244 δὲ
285 2183 426 2262 τεχνίτης
447 2176 511 2242 τῶν
534 2177 700 2261 ἐμπείρων,
724 2181 926 2262 χειροτέχνου
950 2175 985 2241 δὲ
1008 2174 1026 2241 ri
1049 2169 1195 2261 α’ρχιτέε-Ι

186 2313 260 2368 των,
284 2290 319 2355 oi
342 2293 378 2356 δὲ
400 2295 597 2376 θεωρητικαὶ
617 2296 681 2356 τῶν
696 2293 868 2378 ποιητικῶν
882 2291 1027 2377 petto«
1051 2314 1094 2368 ea,
1120 2312 1195 2378 quaa

186 2427 276 2494 supra
300 2407 387 2471 latius
412 2409 648 2491 expositarum,
673 2411 795 2490 strictim
815 2407 1119 2495 comprehenduntur:
1144 2427 1195 2470 era

185 2524 357 2609 perientiarn
387 2541 490 2597 sensu,
525 2533 615 2585 artem
645 2524 840 2608 experientia,
872 2519 1040 2607 disciptinas
1069 2520 1195 2606 denique

185 2638 361 2703 theoreticae
389 2637 526 2723 practicis
554 2649 713 2723 praestare.
761 2637 844 2717 Quae
871 2657 918 2700 res
948 2657 1025 2730 cunt
1042 2639 1073 2700 in
1095 2636 1195 2721 priore

185 2755 289 2838 capitis
316 2764 401 2838 parte
429 2773 524 2837 usque
554 2750 592 2814 ad
621 2747 731 2835 ἷερέοεν
753 2748 855 2827 ἔθνος
880 2748 1017 2836 (1⁵25)
1041 2753 1194 2838 expositae

185 2868 253 2939 sint,
277 2865 370 2928 verba
393 2863 472 2926 ὥστε
487 2899 522 2913 -
538 2861 665 2944 μᾶλλον
679 2867 777 2929 stctirn
801 2877 871 2949 post
893 2861 993 2939 ἔθνος
1014 2865 1107 2928 inuito
1125 2886 1195 2928 con·

186 2976 301 3042 sinnius
325 2977 558 3042 adnecterentor.
594 2977 679 3042 Nunc
697 2977 795 3042 verbis
819 2980 1001 3065 interpositis
1024 2982 1192 3064 εἴρηται-

184 3088 317 3168 πάντες,
339 3105 375 3157 ut
396 3097 436 3157 'ex
459 3093 569 3181 quibus
591 3093 671 3158 uuile
693 3094 843 3158 conclusio
867 3094 932 3170 fiat,
956 3092 1195 3180 perincommode

184 3211 449 3292 interrumpuntur.
494 3209 626 3285 Accedit,
652 3208 732 3296 qood
757 3225 792 3272 eo
815 3210 891 3286 loco,
917 3221 976 3296 quo
1001 3229 1079 3274 nunc
1102 3208 1195 3274 verba

186 3319 266 3384 ὥστε
287 3320 411 3402 μᾶλλον
427 3322 574 3407 leguntur,
598 3315 764 3388 necessario
788 3337 857 3408 post
880 3320 915 3384 oi
939 3322 976 3387 δὲ
998 3328 1195 3410 θεωρητικαὶ

184 3437 248 3500 τῶν
269 3437 442 3518 ποιητικῶν
469 3433 601 3500 addenda
630 3438 741 3503 suerint
771 3437 843 3502 haec
873 3436 947 3502 fere:
981 3434 1001 3521 ἢ
1031 3437 1067 3500 δὲ
1096 3445 1195 3523 σοφία

184 3555 249 3617 τῶν
272 3545 612 3636 ἄλλωνιθεωρητιιιῶν
626 3543 661 3634 ¹),
685 3575 721 3618 nc
745 3575 793 3630 ea,
825 3555 952 3639 quaein
976 3552 1075 3619 verbis
1098 3546 1138 3617 οὗ
1161 3545 1195 3616 δ’

185 3661 337 3734 evene..-
356 3660 475 3740 πάντες
503 3667 641 3744 laterent,
676 3669 705 3730 in
736 3668 924 3734 conclusione
944 3669 1092 3755 *particula
1115 3665 1195 3735 ωὀτε

188 3821 397 3836 Q—

245 3910 264 3976 2)
287 3910 318 3965 er.
336 3915 369 3966 ιε.
389 3927 409 3966 ι.
422 3905 448 3979 1,
468 3905 623 3984 rote-co„
