2910 4778
599 379 758 481 *aa*

173 580 283 656 putem.
309 562 463 631 Commota
478 564 570 650 igitur
584 574 655 650 post
675 559 798 626 »dorio«
818 560 946 638 sublato,
964 575 994 627 et
1009 563 1184 649 pronomine

173 678 227 760 clv,
252 680 333 772 quod
357 680 492 745 facillime
516 680 708 765 ex'rcpetitis
733 677 977 765 praecedentibus
1001 679 1092 743 literis
1113 680 1185 746 oriri

172 803 281 892 potuit,
306 800 411 884 ejecto,
436 809 465 862 et
487 797 545 860 hoc
560 797 626 860 loco
651 808 680 859 et
696 800 744 859 Μ.
767 817 790 860 c.
807 795 857 859 lV.
884 792 1013 862 107922
1036 796 1077 860 ita
1093 794 1184 860 verba

174 917 305 1005 explico:
343 914 526 1002 singularum
562 915 637 978 enim
671 931 768 976 rerum
794 949 829 965 -
855 915 874 975 i.
899 933 923 976 e.
953 911 1184 976 substantiarum

174 1036 334 1120 primarum
360 1070 395 1083 -
421 1043 491 1095 suut
516 1029 598 1094 ideae
623 1031 813 1116 cognomines
837 1049 947 1116 eaeque
970 1050 987 1092 a
1012 1027 1185 1094 substantiis

174 1151 339 1236 sejunctae,
364 1160 452 1236 atque
475 1147 653 1234 reliquarum
675 1185 709 1198 -
729 1148 748 1209 i.
768 1166 792 1209 e.
818 1165 957 1232 generum
981 1147 1091 1231 species
1115 1165 1185 1209 con-

174 1269 328 1334 tinentium
350 1304 384 1316 -
402 1285 494 1328 uuum
523 1263 559 1328 de
588 1264 686 1328 multis
715 1264 838 1348 ponitur
873 1236 911 1324 et·
928 1260 1007 1324 hisce
1037 1262 1065 1323 in
1095 1259 1185 1325 rebus

175 1380 363 1447 sensibilibus
387 1395 416 1446 et
439 1384 468 1444 in
492 1382 618 1445 aeternis
642 1378 723 1442 ideis.
761 1378 839 1441 llaec
862 1399 925 1440 mea
942 1376 1100 1462 explicatio
1117 1374 1185 1440 libri

174 1503 210 1562 Ζ.
226 1519 311 1586 capp.
329 1498 408 1575 XlV,
424 1497 483 1564 XV
498 1499 632 1584 inprimis
656 1495 856 1571 confirmatur,
881 1493 933 1557 ubi
949 1493 1002 1558 Ar.
1020 1514 1079 1556 nou
1095 1490 1184 1556 modo

174 1615 268 1680 ideam
298 1619 413 1702 generis
440 1617 552 1702 speeies
575 1612 728 1678 sensibiles
752 1611 990 1697 amplectentem,
1023 1608 1186 1674 sedetiam

176 1725 270 1794 ideam
300 1734 415 1818 generis
438 1744 556 1818 praeter
578 1727 659 1792 ideas
682 1727 864 1812 singularum
887 1729 1050 1813 specierum
1073 1745 1186 1816 ponen-

177 1845 243 1909 dam
267 1868 329 1910 esse
352 1846 464 1910 docuit.

244 1959 323 2027 990¹³
341 1959 392 2027 35.
417 1959 490 2025 ὥστ’
502 1956 592 2023 ἔσται
606 1954 701 2024 οὐσία
715 1953 755 2022 col
771 1957 856 2045 εἴδη·
873 1954 975 2024 ταύτὰ
989 1958 1025 2024 dd
1036 1957 1186 2024 emoneo

175 2097 208 2140 ce
231 2072 344 2142 οὐσίαν
367 2079 513 2162 opportere
536 2071 638 2158 uuiaet,
662 2077 816 2141 Bonitzius
842 2075 878 2138 dd
901 2079 930 2138 in
954 2070 1016 2160 yolo
1041 2088 1070 2139 et
1093 2071 1186 2141 odolo

175 2197 204 2258 in
221 2188 333 2268 οὐσίας
348 2195 396 2258 vel
411 2185 529 2258 οὐσιῶν
542 2190 685 2257 mutanda
708 2212 769 2254 esse
792 2203 892 2254 censet
915 2189 1005 2255 dubia
1022 2188 1186 2254 Alexandri

179 2312 354 2372 auctoritate
377 2312 475 2373 nixus.
511 2311 566 2386 At,
592 2311 621 2372 ui
641 2306 735 2384 lallor,
760 2309 854 2370 virum
873 2305 1073 2373 doctissimum
1090 2327 1185 2372 nexus

177 2421 283 2486 barum
306 2424 516 2485 sententiarum
539 2423 634 2488 latuit.
674 2423 748 2490 Cum
774 2425 826 2489 Ar.
851 2424 1097 2510 praecedentibus
1121 2447 1186 2490 ver·

176 2537 222 2602 bis
246 2537 493 2615 demonstrasset,
518 2561 577 2603 uon
602 2539 735 2605 accidens
760 2540 910 2629 quoddam
934 2540 985 2604 sed
1004 2545 1098 2628 ipsam
1114 2539 1186 2607 sub·

177 2657 312 2720 stantiam
338 2653 375 2719 ab
399 2655 463 2719 aliis
486 2654 575 2721 rebus
594 2659 766 2744 participari
783 2679 888 2745 posse,
912 2658 1073 2723 Platonicis
1088 2671 1186 2722 autern

174 2771 256 2838 ideas
280 2795 297 2837 a
319 2771 410 2837 rebus
434 2772 622 2837 sensibilibus
644 2776 814 2858 participari
832 2775 1006 2858 placuisset,
1030 2775 1098 2838 hinc
1114 2775 1186 2840 nibil

106 2949 110 2957 ,
177 2887 312 2954 concludi
343 2891 457 2975 potuit,
490 2891 545 2950 nisi
569 2886 665 2962 ideas,
696 2900 730 2950 ut
753 2907 829 2973 quae
857 2891 1086 2975 participentur,
1115 2877 1186 2954 sub·

177 3007 299 3070 stantiae
323 3028 385 3070 esse
409 3000 519 3086 (odota
541 2996 581 3066 coi
605 3000 698 3087 εἴδη).
736 3000 795 3066 Sed
812 3003 880 3068 iude
901 3003 1032 3070 nondum
1050 3005 1185 3084 efficitur,

176 3134 210 3186 ut
232 3122 361 3186 solarum
384 3122 618 3187 substantiarum
642 3118 724 3184 ideae
748 3121 821 3206 poni
844 3118 986 3196 debeant,
1012 3122 1093 3209 quod
1116 3143 1187 3208 prn-

176 3235 306 3300 bandum
337 3237 388 3301 Ar.
421 3239 477 3304 sibi
506 3250 714 3326 proposuerat.
761 3237 863 3324 ltaque
892 3235 1022 3302 addidit:
1065 3233 1186 3302 ‚camd

179 3345 216 3411 dd
233 3377 273 3390 --
291 3346 422 3414 macca:
446 3357 556 3420 sivero
580 3355 663 3420 ideae
687 3366 757 3417 sunt
775 3353 975 3430 substantiae,
999 3377 1053 3420 nce
1070 3355 1185 3422 diversa

178 3476 222 3531 est
245 3463 430 3530 substantiae
454 3469 536 3530 notio
560 3470 639 3535 bisce
663 3474 692 3535 iu
716 3468 806 3534 rebus
830 3469 1020 3535 sensibilibus
1044 3484 1073 3536 et
1089 3475 1119 3536 iu
1135 3473 1185 3538 illo
1280 3480 1283 3486 '

176 3581 262 3648 ideali
287 3580 414 3658 mundo,
446 3603 552 3670 perse
580 3597 662 3670 patet
690 3609 737 3652 res
768 3607 887 3674 quoque
910 3588 1079 3665 sensibiles,
1109 3609 1185 3676 quae

177 3698 295 3786 quidem
319 3698 400 3764 ideas
423 3702 617 3787 participent,
642 3701 823 3770 substantias
848 3725 919 3768 esse.

242 3813 320 3882 994⁸
345 3814 397 3881 31.
439 3811 490 3880 ded
519 3815 626 3880 dasiro
655 3820 715 3898 μὲν
744 3815 804 3884 οὖν
831 3815 890 3883 oriar
923 3815 1110 3904 clanculariae
1140 3819 1186 3896 eie

177 3922 319 4014 ἄλληλα,
348 3929 426 3999 otte
450 3934 592 4016 γίγνεται
613 3930 650 4012 ἐξ
673 3929 794 4018 ἀνδρὸς
816 3945 908 4011 παῖς·
932 3930 972 4002 od
994 3933 1057 4024 γὰρ
1079 3942 1184 4022 γίγνε-
