<?xml version="1.0" encoding="UTF-8"?>
<!DOCTYPE html PUBLIC "-//W3C//DTD XHTML 1.0 Transitional//EN"
    "http://www.w3.org/TR/xhtml1/DTD/xhtml1-transitional.dtd">
<html xmlns="http://www.w3.org/1999/xhtml" xml:lang="en" lang="en">
 <head>
  <title>
</title>
<meta http-equiv="Content-Type" content="text/html;charset=utf-8" />
  <meta name='ocr-system' content='tesseract 3.04.00' />
  <meta name='ocr-capabilities' content='ocr_page ocr_carea ocr_par ocr_line ocrx_word'/>
</head>
<body>
  <div class='ocr_page' id='page_1' title='image "./studiainaristot00chrigoog_0092.png"; bbox 0 0 2962 4770; ppageno 0'>
   <div class='ocr_carea' id='block_1_1' title="bbox 187 381 1199 1004">
    <p class='ocr_par' dir='ltr' id='par_1_1' title="bbox 187 381 1199 1004">
     <span class='ocr_line' id='line_1_1' title="bbox 610 381 769 480; baseline -0.013 -1"><span class='ocrx_word' id='word_1_1' title='bbox 610 381 769 480; x_wconf 55' lang='lat'>...2⁸9-</span> 
     </span>
     <span class='ocr_line' id='line_1_2' title="bbox 188 531 1198 652; baseline -0.01 -16"><span class='ocrx_word' id='word_1_2' title='bbox 188 581 226 636; x_wconf 88' lang='lat' dir='ltr'>ut</span> <span class='ocrx_word' id='word_1_3' title='bbox 244 567 281 652; x_wconf 88' lang='lat' dir='ltr'>ab</span> <span class='ocrx_word' id='word_1_4' title='bbox 305 565 444 633; x_wconf 74' lang='lat' dir='ltr'>extremis</span> <span class='ocrx_word' id='word_1_5' title='bbox 467 561 550 628; x_wconf 88' lang='lat' dir='ltr'>libris</span> <span class='ocrx_word' id='word_1_6' title='bbox 573 565 622 628; x_wconf 85' lang='lat' dir='ltr'>M.</span> <span class='ocrx_word' id='word_1_7' title='bbox 636 555 679 626; x_wconf 81' lang='grc' dir='ltr'>Ν.</span> <span class='ocrx_word' id='word_1_8' title='bbox 703 531 797 626; x_wconf 86' lang='lat' dir='ltr'>ordiri</span> <span class='ocrx_word' id='word_1_9' title='bbox 812 573 908 648; x_wconf 82' lang='lat' dir='ltr'>atque</span> <span class='ocrx_word' id='word_1_10' title='bbox 931 561 999 626; x_wconf 87' lang='lat' dir='ltr'>hine</span> <span class='ocrx_word' id='word_1_11' title='bbox 1022 559 1061 626; x_wconf 91' lang='lat' dir='ltr'>ad</span> <span class='ocrx_word' id='word_1_12' title='bbox 1084 563 1198 647; x_wconf 80' lang='lat' dir='ltr'>priores</span> 
     </span>
     <span class='ocr_line' id='line_1_3' title="bbox 187 677 1199 770; baseline -0.011 -19"><span class='ocrx_word' id='word_1_13' title='bbox 187 685 300 752; x_wconf 86' lang='lat' dir='ltr'>revolvi</span> <span class='ocrx_word' id='word_1_14' title='bbox 323 692 461 770; x_wconf 88' lang='lat' dir='ltr'>praestet.</span> <span class='ocrx_word' id='word_1_15' title='bbox 500 678 657 744; x_wconf 77' lang='lat' dir='ltr'>Extremus</span> <span class='ocrx_word' id='word_1_16' title='bbox 682 680 758 742; x_wconf 87' lang='lat' dir='ltr'>enim</span> <span class='ocrx_word' id='word_1_17' title='bbox 781 677 874 742; x_wconf 86' lang='lat' dir='ltr'>libros</span> <span class='ocrx_word' id='word_1_18' title='bbox 896 682 1011 753; x_wconf 86' lang='lat' dir='ltr'><strong><em>M.N.,</em></strong></span> <span class='ocrx_word' id='word_1_19' title='bbox 1036 688 1071 742; x_wconf 91' lang='lat' dir='ltr'>ut</span> <span class='ocrx_word' id='word_1_20' title='bbox 1093 677 1146 764; x_wconf 82' lang='lat' dir='ltr'>qui</span> <span class='ocrx_word' id='word_1_21' title='bbox 1168 678 1199 740; x_wconf 86' lang='lat' dir='ltr'>in</span> 
     </span>
     <span class='ocr_line' id='line_1_4' title="bbox 188 793 1199 882; baseline -0.009 -15"><span class='ocrx_word' id='word_1_22' title='bbox 188 793 595 868; x_wconf 66' lang='lat' dir='ltr'>enarrandis‘Platonirorum</span> <span class='ocrx_word' id='word_1_23' title='bbox 618 807 648 860; x_wconf 87' lang='lat' dir='ltr'>ot</span> <span class='ocrx_word' id='word_1_24' title='bbox 669 793 927 882; x_wconf 78' lang='lat' dir='ltr'><strong>Pythagoreorum</strong></span> <span class='ocrx_word' id='word_1_25' title='bbox 949 793 1064 880; x_wconf 86' lang='lat' dir='ltr'>placitis</span> <span class='ocrx_word' id='word_1_26' title='bbox 1080 814 1199 860; x_wconf 82' lang='lat' dir='ltr'>versen-</span> 
     </span>
     <span class='ocr_line' id='line_1_5' title="bbox 187 913 1199 1004; baseline -0.006 -22"><span class='ocrx_word' id='word_1_27' title='bbox 187 930 247 994; x_wconf 88' lang='lat' dir='ltr'>tur,</span> <span class='ocrx_word' id='word_1_28' title='bbox 271 919 364 1004; x_wconf 83' lang='lat' dir='ltr'>magis</span> <span class='ocrx_word' id='word_1_29' title='bbox 387 915 557 979; x_wconf 83' lang='lat' dir='ltr'><strong>historicam</strong></span> <span class='ocrx_word' id='word_1_30' title='bbox 573 923 686 999; x_wconf 88' lang='lat' dir='ltr'>partem</span> <span class='ocrx_word' id='word_1_31' title='bbox 702 913 862 989; x_wconf 85' lang='lat' dir='ltr'>continere,</span> <span class='ocrx_word' id='word_1_32' title='bbox 887 931 975 998; x_wconf 88' lang='lat' dir='ltr'>quam</span> <span class='ocrx_word' id='word_1_33' title='bbox 992 931 1058 975; x_wconf 90' lang='lat' dir='ltr'>eum</span> <span class='ocrx_word' id='word_1_34' title='bbox 1074 931 1199 996; x_wconf 83' lang='lat' dir='ltr'>corpore</span> 
     </span>
    </p>
   </div>
   <div class='ocr_carea' id='block_1_2' title="bbox 187 1027 1200 1230">
    <p class='ocr_par' dir='ltr' id='par_1_2' title="bbox 187 1027 1200 1230">
     <span class='ocr_line' id='line_1_6' title="bbox 188 1027 1200 1124; baseline -0.007 -27"><span class='ocrx_word' id='word_1_35' title='bbox 188 1031 407 1120; x_wconf 87' lang='lat' dir='ltr'>metaphysieae</span> <span class='ocrx_word' id='word_1_36' title='bbox 431 1030 583 1096; x_wconf 82' lang='lat' dir='ltr'>doetrinae</span> <span class='ocrx_word' id='word_1_37' title='bbox 607 1027 825 1114; x_wconf 83' lang='lat' dir='ltr'>conglutinatos</span> <span class='ocrx_word' id='word_1_38' title='bbox 849 1049 927 1105; x_wconf 89' lang='lat' dir='ltr'>esse,</span> <span class='ocrx_word' id='word_1_39' title='bbox 952 1039 1037 1124; x_wconf 83' lang='lat' dir='ltr'>sunt,</span> <span class='ocrx_word' id='word_1_40' title='bbox 1063 1029 1113 1113; x_wconf 91' lang='lat' dir='ltr'>qui</span> <span class='ocrx_word' id='word_1_41' title='bbox 1135 1028 1200 1115; x_wconf 89' lang='lat' dir='ltr'>opi·</span> 
     </span>
     <span class='ocr_line' id='line_1_7' title="bbox 187 1137 1198 1230; baseline -0.008 -14"><span class='ocrx_word' id='word_1_42' title='bbox 187 1160 295 1216; x_wconf 90' lang='lat' dir='ltr'>nentur</span> <span class='ocrx_word' id='word_1_43' title='bbox 303 1141 334 1230; x_wconf 88' lang='lat'>¹).</span> <span class='ocrx_word' id='word_1_44' title='bbox 364 1145 424 1214; x_wconf 88' lang='lat' dir='ltr'>Sed</span> <span class='ocrx_word' id='word_1_45' title='bbox 439 1166 500 1211; x_wconf 92' lang='lat' dir='ltr'>non</span> <span class='ocrx_word' id='word_1_46' title='bbox 515 1143 604 1210; x_wconf 92' lang='lat' dir='ltr'>modo</span> <span class='ocrx_word' id='word_1_47' title='bbox 617 1142 670 1208; x_wconf 90' lang='lat' dir='ltr'>Ar.</span> <span class='ocrx_word' id='word_1_48' title='bbox 687 1156 732 1208; x_wconf 92' lang='lat' dir='ltr'>ter</span> <span class='ocrx_word' id='word_1_49' title='bbox 748 1137 862 1222; x_wconf 78' lang='lat' dir='ltr'>(1076b</span> <span class='ocrx_word' id='word_1_50' title='bbox 876 1140 906 1226; x_wconf 83' lang='grc'><strong>1,</strong></span> <span class='ocrx_word' id='word_1_51' title='bbox 928 1143 964 1208; x_wconf 86' lang='lat' dir='ltr'>cf.</span> <span class='ocrx_word' id='word_1_52' title='bbox 983 1140 1061 1208; x_wconf 76' lang='lat'>998·</span> <span class='ocrx_word' id='word_1_53' title='bbox 1073 1138 1198 1221; x_wconf 83' lang='grc'><strong>7-19;</strong></span> 
     </span>
    </p>
   </div>
   <div class='ocr_carea' id='block_1_3' title="bbox 192 1252 1199 1339">
    <p class='ocr_par' dir='ltr' id='par_1_3' title="bbox 192 1252 1199 1339">
     <span class='ocr_line' id='line_1_8' title="bbox 192 1252 1199 1339; baseline -0.007 -11"><span class='ocrx_word' id='word_1_54' title='bbox 192 1261 290 1328; x_wconf 76' lang='lat' dir='ltr'>tunt·</span> <span class='ocrx_word' id='word_1_55' title='bbox 308 1258 336 1339; x_wconf 92' lang='grc'><strong>1,</strong></span> <span class='ocrx_word' id='word_1_56' title='bbox 361 1260 495 1328; x_wconf 61' lang='grc'><strong>119971</strong></span> <span class='ocrx_word' id='word_1_57' title='bbox 514 1258 660 1337; x_wconf 74' lang='lat'>12-34;</span> <span class='ocrx_word' id='word_1_58' title='bbox 687 1256 786 1324; x_wconf 76' lang='lat' dir='ltr'>1086b</span> <span class='ocrx_word' id='word_1_59' title='bbox 806 1256 857 1336; x_wconf 88' lang='grc'><strong>15,</strong></span> <span class='ocrx_word' id='word_1_60' title='bbox 883 1257 919 1332; x_wconf 79' lang='lat' dir='ltr'>ei.</span> <span class='ocrx_word' id='word_1_61' title='bbox 938 1257 1017 1324; x_wconf 77' lang='lat' dir='ltr'>997b</span> <span class='ocrx_word' id='word_1_62' title='bbox 1035 1252 1199 1339; x_wconf 81' lang='lat' dir='ltr'>12-3t¹)</span> 
     </span>
    </p>
   </div>
   <div class='ocr_carea' id='block_1_4' title="bbox 189 1375 1200 1466">
    <p class='ocr_par' dir='ltr' id='par_1_4' title="bbox 189 1375 1200 1466">
     <span class='ocr_line' id='line_1_9' title="bbox 189 1375 1200 1466; baseline -0.004 -22"><span class='ocrx_word' id='word_1_63' title='bbox 189 1379 293 1444; x_wconf 86' lang='lat' dir='ltr'>lectori</span> <span class='ocrx_word' id='word_1_64' title='bbox 316 1381 503 1466; x_wconf 79' lang='lat' dir='ltr'>quaestiones</span> <span class='ocrx_word' id='word_1_65' title='bbox 525 1379 554 1442; x_wconf 92' lang='lat' dir='ltr'>in</span> <span class='ocrx_word' id='word_1_66' title='bbox 577 1375 655 1446; x_wconf 89' lang='lat' dir='ltr'>libro</span> <span class='ocrx_word' id='word_1_67' title='bbox 670 1379 711 1438; x_wconf 89' lang='lat' dir='ltr'>B.</span> <span class='ocrx_word' id='word_1_68' title='bbox 727 1375 903 1461; x_wconf 83' lang='lat' dir='ltr'>disceptatas</span> <span class='ocrx_word' id='word_1_69' title='bbox 922 1376 952 1438; x_wconf 89' lang='lat' dir='ltr'>iu</span> <span class='ocrx_word' id='word_1_70' title='bbox 969 1375 1138 1440; x_wconf 80' lang='lat' dir='ltr'>memoriam</span> <span class='ocrx_word' id='word_1_71' title='bbox 1154 1396 1200 1440; x_wconf 91' lang='lat' dir='ltr'>re·</span> 
     </span>
    </p>
   </div>
   <div class='ocr_carea' id='block_1_5' title="bbox 7 1467 1200 1580">
    <p class='ocr_par' dir='ltr' id='par_1_5' title="bbox 7 1467 1200 1580">
     <span class='ocr_line' id='line_1_10' title="bbox 7 1467 1200 1580; baseline -0.002 -23"><span class='ocrx_word' id='word_1_72' title='bbox 7 1505 13 1524; x_wconf 63' lang='lat'><strong>³</strong></span> <span class='ocrx_word' id='word_1_73' title='bbox 96 1567 103 1572; x_wconf 44' lang='grc'><strong>,</strong></span> <span class='ocrx_word' id='word_1_74' title='bbox 189 1506 293 1571; x_wconf 89' lang='lat' dir='ltr'>vooat,</span> <span class='ocrx_word' id='word_1_75' title='bbox 323 1492 484 1560; x_wconf 89' lang='lat' dir='ltr'>sedetiam</span> <span class='ocrx_word' id='word_1_76' title='bbox 508 1515 556 1570; x_wconf 88' lang='lat' dir='ltr'>ea,</span> <span class='ocrx_word' id='word_1_77' title='bbox 586 1513 660 1580; x_wconf 89' lang='lat' dir='ltr'>quae</span> <span class='ocrx_word' id='word_1_78' title='bbox 684 1494 714 1554; x_wconf 91' lang='lat' dir='ltr'>in</span> <span class='ocrx_word' id='word_1_79' title='bbox 738 1491 784 1555; x_wconf 92' lang='lat' dir='ltr'>his</span> <span class='ocrx_word' id='word_1_80' title='bbox 806 1467 890 1556; x_wconf 74' lang='lat' dir='ltr'>libris</span> <span class='ocrx_word' id='word_1_81' title='bbox 914 1489 1109 1568; x_wconf 89' lang='lat' dir='ltr'>disseruntur,</span> <span class='ocrx_word' id='word_1_82' title='bbox 1134 1512 1200 1556; x_wconf 88' lang='lat' dir='ltr'>cum</span> 
     </span>
    </p>
   </div>
   <div class='ocr_carea' id='block_1_6' title="bbox 189 1605 1225 1816">
    <p class='ocr_par' dir='ltr' id='par_1_6' title="bbox 189 1605 1225 1816">
     <span class='ocr_line' id='line_1_11' title="bbox 189 1605 1198 1696; baseline 0 -24"><span class='ocrx_word' id='word_1_83' title='bbox 189 1608 327 1686; x_wconf 86' lang='lat' dir='ltr'>oonsilio,</span> <span class='ocrx_word' id='word_1_84' title='bbox 358 1608 440 1695; x_wconf 92' lang='lat' dir='ltr'>quod</span> <span class='ocrx_word' id='word_1_85' title='bbox 468 1609 587 1696; x_wconf 87' lang='lat' dir='ltr'>quidem</span> <span class='ocrx_word' id='word_1_86' title='bbox 616 1612 645 1672; x_wconf 93' lang='lat' dir='ltr'>in</span> <span class='ocrx_word' id='word_1_87' title='bbox 675 1607 751 1672; x_wconf 90' lang='lat' dir='ltr'>libro</span> <span class='ocrx_word' id='word_1_88' title='bbox 775 1612 816 1670; x_wconf 88' lang='lat' dir='ltr'>B.</span> <span class='ocrx_word' id='word_1_89' title='bbox 841 1607 893 1670; x_wconf 89' lang='lat' dir='ltr'>Ar.</span> <span class='ocrx_word' id='word_1_90' title='bbox 918 1605 974 1670; x_wconf 88' lang='lat' dir='ltr'>sibi</span> <span class='ocrx_word' id='word_1_91' title='bbox 997 1610 1198 1694; x_wconf 81' lang='lat' dir='ltr'>proposuerit,</span> 
     </span>
     <span class='ocr_line' id='line_1_12' title="bbox 189 1721 1225 1816; baseline -0.001 -29"><span class='ocrx_word' id='word_1_92' title='bbox 189 1725 349 1788; x_wconf 85' lang='lat' dir='ltr'>arctissime</span> <span class='ocrx_word' id='word_1_93' title='bbox 366 1723 534 1788; x_wconf 75' lang='lat' dir='ltr'>cohaerent.</span> <span class='ocrx_word' id='word_1_94' title='bbox 565 1723 649 1787; x_wconf 90' lang='lat' dir='ltr'>Duae</span> <span class='ocrx_word' id='word_1_95' title='bbox 665 1724 740 1788; x_wconf 91' lang='lat' dir='ltr'>enim</span> <span class='ocrx_word' id='word_1_96' title='bbox 759 1721 944 1809; x_wconf 88' lang='lat' dir='ltr'>potissimum</span> <span class='ocrx_word' id='word_1_97' title='bbox 960 1741 1007 1786; x_wconf 89' lang='lat' dir='ltr'>res</span> <span class='ocrx_word' id='word_1_98' title='bbox 1023 1725 1052 1784; x_wconf 92' lang='lat' dir='ltr'>iu</span> <span class='ocrx_word' id='word_1_99' title='bbox 1068 1721 1145 1786; x_wconf 90' lang='lat' dir='ltr'>libro</span> <span class='ocrx_word' id='word_1_100' title='bbox 1159 1727 1200 1786; x_wconf 58' lang='lat' dir='ltr'>Bc</span> <span class='ocrx_word' id='word_1_101' title='bbox 1221 1807 1225 1816; x_wconf 92' lang='lat'>.</span> 
     </span>
    </p>
   </div>
   <div class='ocr_carea' id='block_1_7' title="bbox 150 1815 1229 2390">
    <p class='ocr_par' dir='ltr' id='par_1_7' title="bbox 150 1815 1229 2390">
     <span class='ocr_line' id='line_1_13' title="bbox 190 1815 1201 1925; baseline 0.002 -23"><span class='ocrx_word' id='word_1_102' title='bbox 190 1815 408 1925; x_wconf 75' lang='lat' dir='ltr'>disceptantur:</span> <span class='ocrx_word' id='word_1_103' title='bbox 431 1840 574 1924; x_wconf 85' lang='lat' dir='ltr'>primum,</span> <span class='ocrx_word' id='word_1_104' title='bbox 600 1841 652 1924; x_wconf 90' lang='lat' dir='ltr'>qni</span> <span class='ocrx_word' id='word_1_105' title='bbox 674 1841 712 1902; x_wconf 88' lang='lat' dir='ltr'>sit</span> <span class='ocrx_word' id='word_1_106' title='bbox 735 1836 864 1902; x_wconf 77' lang='lat' dir='ltr'>ambitus</span> <span class='ocrx_word' id='word_1_107' title='bbox 879 1835 1098 1925; x_wconf 83' lang='lat' dir='ltr'>metaphysicae</span> <span class='ocrx_word' id='word_1_108' title='bbox 1114 1837 1201 1904; x_wconf 86' lang='lat' dir='ltr'>disci-</span> 
     </span>
     <span class='ocr_line' id='line_1_14' title="bbox 188 1949 1229 2042; baseline -0.002 -22"><span class='ocrx_word' id='word_1_109' title='bbox 188 1955 285 2042; x_wconf 88' lang='lat' dir='ltr'>plinae</span> <span class='ocrx_word' id='word_1_110' title='bbox 298 1950 566 2035; x_wconf 66' lang='lat'>(996218-9972</span> <span class='ocrx_word' id='word_1_111' title='bbox 579 1949 644 2034; x_wconf 78' lang='lat'><strong>34),</strong></span> <span class='ocrx_word' id='word_1_112' title='bbox 662 1953 775 2031; x_wconf 88' lang='lat' dir='ltr'>deiude,</span> <span class='ocrx_word' id='word_1_113' title='bbox 794 1973 870 2040; x_wconf 84' lang='lat' dir='ltr'>quae</span> <span class='ocrx_word' id='word_1_114' title='bbox 886 1954 945 2026; x_wconf 91' lang='lat' dir='ltr'>sint</span> <span class='ocrx_word' id='word_1_115' title='bbox 959 1975 1057 2018; x_wconf 81' lang='lat' dir='ltr'>rerunt</span> <span class='ocrx_word' id='word_1_116' title='bbox 1070 1956 1200 2018; x_wconf 91' lang='lat' dir='ltr'>omnium</span> <span class='ocrx_word' id='word_1_117' title='bbox 1228 1957 1229 1962; x_wconf 74' lang='grc'>’</span> 
     </span>
     <span class='ocr_line' id='line_1_15' title="bbox 187 2065 1200 2162; baseline -0.002 -26"><span class='ocrx_word' id='word_1_118' title='bbox 187 2073 334 2162; x_wconf 81' lang='lat' dir='ltr'>principia</span> <span class='ocrx_word' id='word_1_119' title='bbox 348 2068 439 2152; x_wconf 74' lang='grc'><strong>(997·</strong></span> <span class='ocrx_word' id='word_1_120' title='bbox 454 2065 642 2134; x_wconf 69' lang='lat'>34-10032</span> <span class='ocrx_word' id='word_1_121' title='bbox 658 2065 727 2151; x_wconf 76' lang='grc'><strong>17);</strong></span> <span class='ocrx_word' id='word_1_122' title='bbox 745 2083 834 2156; x_wconf 91' lang='lat' dir='ltr'>atque</span> <span class='ocrx_word' id='word_1_123' title='bbox 850 2091 916 2135; x_wconf 87' lang='lat' dir='ltr'>oum</span> <span class='ocrx_word' id='word_1_124' title='bbox 927 2089 1040 2134; x_wconf 91' lang='lat' dir='ltr'>summa</span> <span class='ocrx_word' id='word_1_125' title='bbox 1056 2072 1200 2157; x_wconf 87' lang='lat' dir='ltr'>principia</span> 
     </span>
     <span class='ocr_line' id='line_1_16' title="bbox 150 2182 1201 2273; baseline 0 -23"><span class='ocrx_word' id='word_1_126' title='bbox 150 2183 152 2194; x_wconf 87' lang='lat'>&#39;</span> <span class='ocrx_word' id='word_1_127' title='bbox 188 2182 364 2273; x_wconf 78' lang='lat' dir='ltr'>(uiaqo&#39;aocra</span> <span class='ocrx_word' id='word_1_128' title='bbox 379 2182 481 2265; x_wconf 76' lang='grc' dir='ltr'><strong><em>αἴτια)</em></strong></span> <span class='ocrx_word' id='word_1_129' title='bbox 504 2188 535 2248; x_wconf 90' lang='lat' dir='ltr'>iu</span> <span class='ocrx_word' id='word_1_130' title='bbox 558 2184 647 2250; x_wconf 89' lang='lat' dir='ltr'>rebus</span> <span class='ocrx_word' id='word_1_131' title='bbox 672 2187 796 2248; x_wconf 90' lang='lat' dir='ltr'>aeternis</span> <span class='ocrx_word' id='word_1_132' title='bbox 820 2183 987 2272; x_wconf 89' lang='lat' dir='ltr'>quaerenda</span> <span class='ocrx_word' id='word_1_133' title='bbox 1002 2187 1076 2260; x_wconf 89' lang='lat' dir='ltr'>sint,</span> <span class='ocrx_word' id='word_1_134' title='bbox 1101 2198 1201 2270; x_wconf 87' lang='lat' dir='ltr'>poste·</span> 
     </span>
     <span class='ocr_line' id='line_1_17' title="bbox 188 2285 1200 2390; baseline 0 -24"><span class='ocrx_word' id='word_1_135' title='bbox 188 2303 250 2366; x_wconf 91' lang='lat' dir='ltr'>rior</span> <span class='ocrx_word' id='word_1_136' title='bbox 273 2303 407 2388; x_wconf 82' lang='lat' dir='ltr'>quaestio</span> <span class='ocrx_word' id='word_1_137' title='bbox 430 2303 460 2363; x_wconf 92' lang='lat' dir='ltr'>in</span> <span class='ocrx_word' id='word_1_138' title='bbox 479 2299 555 2364; x_wconf 86' lang='lat' dir='ltr'>hane</span> <span class='ocrx_word' id='word_1_139' title='bbox 571 2302 692 2366; x_wconf 89' lang='lat' dir='ltr'>alteram</span> <span class='ocrx_word' id='word_1_140' title='bbox 707 2303 827 2385; x_wconf 83' lang='lat' dir='ltr'>transit:</span> <span class='ocrx_word' id='word_1_141' title='bbox 852 2323 927 2390; x_wconf 92' lang='lat' dir='ltr'>quae</span> <span class='ocrx_word' id='word_1_142' title='bbox 943 2303 1003 2366; x_wconf 91' lang='lat' dir='ltr'>siut</span> <span class='ocrx_word' id='word_1_143' title='bbox 1018 2285 1200 2366; x_wconf 82' lang='lat' dir='ltr'>substantiae</span> 
     </span>
    </p>
   </div>
   <div class='ocr_carea' id='block_1_8' title="bbox 187 2416 1202 2967">
    <p class='ocr_par' dir='ltr' id='par_1_8' title="bbox 187 2416 1202 2967">
     <span class='ocr_line' id='line_1_18' title="bbox 190 2416 1202 2505; baseline 0.001 -24"><span class='ocrx_word' id='word_1_144' title='bbox 190 2429 324 2482; x_wconf 81' lang='lat' dir='ltr'>aeternae</span> <span class='ocrx_word' id='word_1_145' title='bbox 346 2428 435 2503; x_wconf 90' lang='lat' dir='ltr'>atque</span> <span class='ocrx_word' id='word_1_146' title='bbox 451 2417 588 2480; x_wconf 83' lang='lat' dir='ltr'>immotae</span> <span class='ocrx_word' id='word_1_147' title='bbox 603 2416 785 2482; x_wconf 89' lang='lat' dir='ltr'>statuendae.</span> <span class='ocrx_word' id='word_1_148' title='bbox 816 2417 866 2481; x_wconf 90' lang='lat' dir='ltr'>Ad</span> <span class='ocrx_word' id='word_1_149' title='bbox 882 2417 957 2482; x_wconf 89' lang='lat' dir='ltr'>hauc</span> <span class='ocrx_word' id='word_1_150' title='bbox 973 2417 1094 2485; x_wconf 87' lang='lat' dir='ltr'>arduom</span> <span class='ocrx_word' id='word_1_151' title='bbox 1111 2439 1202 2505; x_wconf 88' lang='lat' dir='ltr'>qnae-</span> 
     </span>
     <span class='ocr_line' id='line_1_19' title="bbox 188 2529 1199 2609; baseline 0 -11"><span class='ocrx_word' id='word_1_152' title='bbox 188 2535 313 2598; x_wconf 88' lang='lat' dir='ltr'>stiouem</span> <span class='ocrx_word' id='word_1_153' title='bbox 338 2530 528 2596; x_wconf 85' lang='lat' dir='ltr'>dirimendam</span> <span class='ocrx_word' id='word_1_154' title='bbox 544 2531 591 2596; x_wconf 86' lang='lat' dir='ltr'>vel</span> <span class='ocrx_word' id='word_1_155' title='bbox 614 2533 739 2608; x_wconf 67' lang='lat' dir='ltr'>maxime</span> <span class='ocrx_word' id='word_1_156' title='bbox 760 2534 957 2597; x_wconf 81' lang='lat' dir='ltr'>necessarium</span> <span class='ocrx_word' id='word_1_157' title='bbox 972 2529 1073 2609; x_wconf 83' lang='lat' dir='ltr'>inisse,</span> <span class='ocrx_word' id='word_1_158' title='bbox 1097 2545 1132 2598; x_wconf 89' lang='lat' dir='ltr'>ut</span> <span class='ocrx_word' id='word_1_159' title='bbox 1146 2533 1199 2598; x_wconf 86' lang='lat' dir='ltr'>Ar.</span> 
     </span>
     <span class='ocr_line' id='line_1_20' title="bbox 190 2637 1201 2736; baseline -0.001 -23"><span class='ocrx_word' id='word_1_160' title='bbox 190 2671 250 2726; x_wconf 75' lang='lat' dir='ltr'>ea,-</span> <span class='ocrx_word' id='word_1_161' title='bbox 268 2670 342 2736; x_wconf 92' lang='lat' dir='ltr'>quae</span> <span class='ocrx_word' id='word_1_162' title='bbox 365 2650 480 2736; x_wconf 87' lang='lat' dir='ltr'>priores</span> <span class='ocrx_word' id='word_1_163' title='bbox 503 2648 675 2735; x_wconf 87' lang='lat' dir='ltr'>philosophi</span> <span class='ocrx_word' id='word_1_164' title='bbox 699 2647 735 2714; x_wconf 92' lang='lat' dir='ltr'>de</span> <span class='ocrx_word' id='word_1_165' title='bbox 758 2649 813 2713; x_wconf 90' lang='lat' dir='ltr'>hae</span> <span class='ocrx_word' id='word_1_166' title='bbox 837 2637 1060 2726; x_wconf 63' lang='lat' dir='ltr'>re&#39;dooueriut,</span> <span class='ocrx_word' id='word_1_167' title='bbox 1091 2649 1201 2714; x_wconf 89' lang='lat' dir='ltr'>exami-</span> 
     </span>
     <span class='ocr_line' id='line_1_21' title="bbox 187 2762 1201 2853; baseline 0.002 -25"><span class='ocrx_word' id='word_1_168' title='bbox 187 2777 280 2842; x_wconf 89' lang='lat' dir='ltr'>naret,</span> <span class='ocrx_word' id='word_1_169' title='bbox 304 2767 371 2851; x_wconf 89' lang='lat' dir='ltr'>quis</span> <span class='ocrx_word' id='word_1_170' title='bbox 395 2776 449 2840; x_wconf 90' lang='lat' dir='ltr'>est,</span> <span class='ocrx_word' id='word_1_171' title='bbox 474 2765 525 2848; x_wconf 93' lang='lat' dir='ltr'>qui</span> <span class='ocrx_word' id='word_1_172' title='bbox 540 2763 648 2848; x_wconf 73' lang='lat' dir='ltr'>neget?</span> <span class='ocrx_word' id='word_1_173' title='bbox 672 2762 733 2828; x_wconf 86' lang='lat' dir='ltr'>Sed</span> <span class='ocrx_word' id='word_1_174' title='bbox 750 2787 816 2830; x_wconf 91' lang='lat' dir='ltr'>eum</span> <span class='ocrx_word' id='word_1_175' title='bbox 833 2767 1014 2852; x_wconf 87' lang='lat' dir='ltr'>antiquiores</span> <span class='ocrx_word' id='word_1_176' title='bbox 1028 2765 1201 2853; x_wconf 89' lang='lat' dir='ltr'>philosophi</span> 
     </span>
     <span class='ocr_line' id='line_1_22' title="bbox 189 2875 1201 2967; baseline 0.005 -26"><span class='ocrx_word' id='word_1_177' title='bbox 189 2877 278 2941; x_wconf 87' lang='lat' dir='ltr'>rebus</span> <span class='ocrx_word' id='word_1_178' title='bbox 305 2875 494 2942; x_wconf 86' lang='lat' dir='ltr'>sensibilibus</span> <span class='ocrx_word' id='word_1_179' title='bbox 517 2875 726 2955; x_wconf 79' lang='lat' dir='ltr'>inhaesissent,</span> <span class='ocrx_word' id='word_1_180' title='bbox 758 2879 996 2967; x_wconf 86' lang='lat' dir='ltr'>necquidquam</span> <span class='ocrx_word' id='word_1_181' title='bbox 1019 2884 1141 2966; x_wconf 80' lang='lat' dir='ltr'>gravius</span> <span class='ocrx_word' id='word_1_182' title='bbox 1165 2880 1201 2946; x_wconf 89' lang='lat' dir='ltr'>de</span> 
     </span>
    </p>
   </div>
   <div class='ocr_carea' id='block_1_9' title="bbox 192 3051 401 3066">
    <p class='ocr_par' dir='ltr' id='par_1_9' title="bbox 192 3051 401 3066">
     <span class='ocr_line' id='line_1_23' title="bbox 192 3051 401 3066; baseline 0.005 -6"><span class='ocrx_word' id='word_1_183' title='bbox 192 3051 401 3066; x_wconf 50' lang='lat' dir='ltr'><em>m</em></span> 
     </span>
    </p>
   </div>
   <div class='ocr_carea' id='block_1_10' title="bbox 246 3109 1200 3224">
    <p class='ocr_par' dir='ltr' id='par_1_10' title="bbox 246 3109 1200 3224">
     <span class='ocr_line' id='line_1_24' title="bbox 246 3109 1200 3224; baseline 0.004 -22"><span class='ocrx_word' id='word_1_184' title='bbox 246 3147 265 3216; x_wconf 74' lang='grc'>1)</span> <span class='ocrx_word' id='word_1_185' title='bbox 286 3145 394 3202; x_wconf 67' lang='lat' dir='ltr'>uranus</span> <span class='ocrx_word' id='word_1_186' title='bbox 408 3147 497 3202; x_wconf 67' lang='lat' dir='ltr'>ossen.</span> <span class='ocrx_word' id='word_1_187' title='bbox 513 3145 537 3201; x_wconf 86' lang='lat' dir='ltr'>o.</span> <span class='ocrx_word' id='word_1_188' title='bbox 550 3112 801 3220; x_wconf 52' lang='lat' dir='ltr'>renuendae.</span> <span class='ocrx_word' id='word_1_189' title='bbox 827 3109 1200 3224; x_wconf 52' lang='lat' dir='ltr'>rurr&#39;anowngenrsrwarr-</span> 
     </span>
    </p>
   </div>
   <div class='ocr_carea' id='block_1_11' title="bbox 101 3243 1201 3317">
    <p class='ocr_par' dir='ltr' id='par_1_11' title="bbox 101 3243 1201 3317">
     <span class='ocr_line' id='line_1_25' title="bbox 101 3243 1201 3317; baseline 0.008 -22"><span class='ocrx_word' id='word_1_190' title='bbox 101 3271 103 3276; x_wconf 68' lang='lat'>,</span> <span class='ocrx_word' id='word_1_191' title='bbox 181 3243 379 3300; x_wconf 79' lang='lat' dir='ltr'>seheinlirhhcit</span> <span class='ocrx_word' id='word_1_192' title='bbox 403 3245 462 3300; x_wconf 80' lang='lat' dir='ltr'>dari</span> <span class='ocrx_word' id='word_1_193' title='bbox 483 3263 540 3299; x_wconf 81' lang='lat' dir='ltr'>man</span> <span class='ocrx_word' id='word_1_194' title='bbox 563 3247 600 3300; x_wconf 84' lang='lat' dir='ltr'>sie</span> <span class='ocrx_word' id='word_1_195' title='bbox 624 3245 666 3300; x_wconf 84' lang='lat' dir='ltr'>fiir</span> <span class='ocrx_word' id='word_1_196' title='bbox 690 3249 745 3300; x_wconf 90' lang='lat' dir='ltr'>eine</span> <span class='ocrx_word' id='word_1_197' title='bbox 771 3249 845 3317; x_wconf 86' lang='lat' dir='ltr'>jener</span> <span class='ocrx_word' id='word_1_198' title='bbox 868 3249 1006 3303; x_wconf 85' lang='lat' dir='ltr'>hritischen</span> <span class='ocrx_word' id='word_1_199' title='bbox 1030 3250 1201 3306; x_wconf 81' lang='lat' dir='ltr'>historischen</span> 
     </span>
    </p>
   </div>
   <div class='ocr_carea' id='block_1_12' title="bbox 188 3323 1260 4000">
    <p class='ocr_par' dir='ltr' id='par_1_12' title="bbox 188 3323 1204 3803">
     <span class='ocr_line' id='line_1_26' title="bbox 189 3323 1204 3422; baseline 0.008 -26"><span class='ocrx_word' id='word_1_200' title='bbox 189 3339 318 3396; x_wconf 74' lang='lat' dir='ltr'>Schriften</span> <span class='ocrx_word' id='word_1_201' title='bbox 336 3341 430 3406; x_wconf 83' lang='lat' dir='ltr'>balteo,</span> <span class='ocrx_word' id='word_1_202' title='bbox 449 3342 489 3396; x_wconf 88' lang='lat' dir='ltr'>die</span> <span class='ocrx_word' id='word_1_203' title='bbox 509 3341 554 3396; x_wconf 89' lang='lat' dir='ltr'>der</span> <span class='ocrx_word' id='word_1_204' title='bbox 566 3323 692 3415; x_wconf 32' lang='lat' dir='ltr'>&#39;Stagiritc</span> <span class='ocrx_word' id='word_1_205' title='bbox 711 3345 757 3398; x_wconf 84' lang='lat' dir='ltr'>orit</span> <span class='ocrx_word' id='word_1_206' title='bbox 776 3345 1139 3422; x_wconf 79' lang='lat' dir='ltr'>durchg&#39;a&#39;ogigechnichung</span> <span class='ocrx_word' id='word_1_207' title='bbox 1158 3349 1204 3406; x_wconf 84' lang='lat' dir='ltr'>aui</span> 
     </span>
     <span class='ocr_line' id='line_1_27' title="bbox 189 3437 1200 3515; baseline 0.006 -23"><span class='ocrx_word' id='word_1_208' title='bbox 189 3440 244 3492; x_wconf 86' lang='lat' dir='ltr'>sein</span> <span class='ocrx_word' id='word_1_209' title='bbox 263 3440 364 3510; x_wconf 81' lang='lat' dir='ltr'>eigenee</span> <span class='ocrx_word' id='word_1_210' title='bbox 384 3437 568 3510; x_wconf 75' lang='lat' dir='ltr'>hehrgehiude</span> <span class='ocrx_word' id='word_1_211' title='bbox 587 3440 639 3494; x_wconf 89' lang='lat' dir='ltr'>und</span> <span class='ocrx_word' id='word_1_212' title='bbox 658 3459 705 3496; x_wconf 89' lang='lat' dir='ltr'>zur</span> <span class='ocrx_word' id='word_1_213' title='bbox 724 3441 889 3515; x_wconf 77' lang='lat' dir='ltr'>Orientirung</span> <span class='ocrx_word' id='word_1_214' title='bbox 907 3443 969 3498; x_wconf 86' lang='lat' dir='ltr'>iiber</span> <span class='ocrx_word' id='word_1_215' title='bbox 988 3443 1032 3497; x_wconf 86' lang='lat' dir='ltr'>das</span> <span class='ocrx_word' id='word_1_216' title='bbox 1042 3445 1200 3499; x_wconf 82' lang='lat' dir='ltr'>Verh&#39;ailtniis</span> 
     </span>
     <span class='ocr_line' id='line_1_28' title="bbox 190 3527 1202 3611; baseline 0.004 -19"><span class='ocrx_word' id='word_1_217' title='bbox 190 3535 323 3604; x_wconf 82' lang='lat' dir='ltr'>desselben</span> <span class='ocrx_word' id='word_1_218' title='bbox 348 3553 382 3588; x_wconf 92' lang='lat' dir='ltr'>zu</span> <span class='ocrx_word' id='word_1_219' title='bbox 406 3535 451 3589; x_wconf 92' lang='lat' dir='ltr'>der</span> <span class='ocrx_word' id='word_1_220' title='bbox 474 3553 717 3610; x_wconf 78' lang='lat' dir='ltr'>vorangegaugeuen</span> <span class='ocrx_word' id='word_1_221' title='bbox 740 3539 923 3611; x_wconf 80' lang='lat' dir='ltr'>Philosophia,</span> <span class='ocrx_word' id='word_1_222' title='bbox 946 3559 1021 3596; x_wconf 87' lang='lat' dir='ltr'>wenn</span> <span class='ocrx_word' id='word_1_223' title='bbox 1045 3527 1107 3596; x_wconf 88' lang='lat' dir='ltr'>auch</span> <span class='ocrx_word' id='word_1_224' title='bbox 1131 3543 1202 3596; x_wconf 87' lang='lat' dir='ltr'>nicht</span> 
     </span>
     <span class='ocr_line' id='line_1_29' title="bbox 188 3633 1200 3712; baseline 0.008 -26"><span class='ocrx_word' id='word_1_225' title='bbox 188 3633 225 3687; x_wconf 86' lang='lat' dir='ltr'>als</span> <span class='ocrx_word' id='word_1_226' title='bbox 248 3633 439 3705; x_wconf 83' lang='lat' dir='ltr'>integrirenden</span> <span class='ocrx_word' id='word_1_227' title='bbox 461 3633 638 3688; x_wconf 88' lang='lat' dir='ltr'>Bestandtheil</span> <span class='ocrx_word' id='word_1_228' title='bbox 667 3638 757 3708; x_wconf 84' lang='lat' dir='ltr'>irgend</span> <span class='ocrx_word' id='word_1_229' title='bbox 787 3639 855 3693; x_wconf 88' lang='lat' dir='ltr'>einer</span> <span class='ocrx_word' id='word_1_230' title='bbox 878 3641 962 3694; x_wconf 89' lang='lat' dir='ltr'>seiner</span> <span class='ocrx_word' id='word_1_231' title='bbox 989 3641 1200 3712; x_wconf 81' lang='lat' dir='ltr'>systematischen</span> 
     </span>
     <span class='ocr_line' id='line_1_30' title="bbox 190 3731 683 3803; baseline 0.004 -19"><span class='ocrx_word' id='word_1_232' title='bbox 190 3731 330 3798; x_wconf 75' lang='lat' dir='ltr'>Schriften,</span> <span class='ocrx_word' id='word_1_233' title='bbox 349 3731 535 3803; x_wconf 82' lang='lat' dir='ltr'>ausgearbeitet</span> <span class='ocrx_word' id='word_1_234' title='bbox 553 3731 630 3787; x_wconf 85' lang='lat' dir='ltr'>hatte.</span> <span class='ocrx_word' id='word_1_235' title='bbox 681 3791 683 3796; x_wconf 62' lang='grc'>,</span> 
     </span>
    </p>

    <p class='ocr_par' dir='ltr' id='par_1_13' title="bbox 189 3823 1260 4000">
     <span class='ocr_line' id='line_1_31' title="bbox 245 3823 1260 3908; baseline 0.01 -25"><span class='ocrx_word' id='word_1_236' title='bbox 245 3829 265 3898; x_wconf 85' lang='lat'>¹)</span> <span class='ocrx_word' id='word_1_237' title='bbox 290 3829 405 3896; x_wconf 78' lang='lat' dir='ltr'>Quorum</span> <span class='ocrx_word' id='word_1_238' title='bbox 420 3830 486 3884; x_wconf 89' lang='lat' dir='ltr'>duos</span> <span class='ocrx_word' id='word_1_239' title='bbox 498 3832 597 3902; x_wconf 82' lang='lat' dir='ltr'>priores</span> <span class='ocrx_word' id='word_1_240' title='bbox 610 3831 758 3889; x_wconf 83' lang='lat' dir='ltr'>certeloeos</span> <span class='ocrx_word' id='word_1_241' title='bbox 771 3833 803 3888; x_wconf 89' lang='lat' dir='ltr'>ad</span> <span class='ocrx_word' id='word_1_242' title='bbox 812 3834 905 3889; x_wconf 89' lang='lat' dir='ltr'>librum</span> <span class='ocrx_word' id='word_1_243' title='bbox 911 3841 946 3892; x_wconf 82' lang='grc' dir='ltr'>Κ.</span> <span class='ocrx_word' id='word_1_244' title='bbox 957 3834 1048 3890; x_wconf 84' lang='lat' dir='ltr'>referri</span> <span class='ocrx_word' id='word_1_245' title='bbox 1059 3852 1110 3889; x_wconf 91' lang='lat' dir='ltr'>non</span> <span class='ocrx_word' id='word_1_246' title='bbox 1122 3851 1200 3908; x_wconf 84' lang='lat' dir='ltr'>posse</span> <span class='ocrx_word' id='word_1_247' title='bbox 1253 3823 1260 3844; x_wconf 75' lang='lat'>⁸</span> 
     </span>
     <span class='ocr_line' id='line_1_32' title="bbox 189 3929 565 4000; baseline 0.013 -22"><span class='ocrx_word' id='word_1_248' title='bbox 189 3941 340 4000; x_wconf 81' lang='lat' dir='ltr'>magnopere</span> <span class='ocrx_word' id='word_1_249' title='bbox 358 3929 499 3986; x_wconf 86' lang='lat' dir='ltr'>notandum</span> <span class='ocrx_word' id='word_1_250' title='bbox 519 3938 565 3986; x_wconf 88' lang='lat' dir='ltr'>cst.</span> 
     </span>
    </p>
   </div>
   <div class='ocr_carea' id='block_1_13' title="bbox 0 0 1487 4770">
    <p class='ocr_par' dir='ltr' id='par_1_14' title="bbox 0 0 1487 4770">
     <span class='ocr_line' id='line_1_33' title="bbox 0 0 1487 4770; baseline 0 0"><span class='ocrx_word' id='word_1_251' title='bbox 0 0 1487 4770; x_wconf 95' lang='lat' dir='ltr'> </span> 
     </span>
    </p>
   </div>
  </div>
 </body>
</html>
