<?xml version="1.0" encoding="UTF-8"?>
<!DOCTYPE html PUBLIC "-//W3C//DTD XHTML 1.0 Transitional//EN"
    "http://www.w3.org/TR/xhtml1/DTD/xhtml1-transitional.dtd">
<html xmlns="http://www.w3.org/1999/xhtml" xml:lang="en" lang="en">
 <head>
  <title>
</title>
<meta http-equiv="Content-Type" content="text/html;charset=utf-8" />
  <meta name='ocr-system' content='tesseract 3.04.00' />
  <meta name='ocr-capabilities' content='ocr_page ocr_carea ocr_par ocr_line ocrx_word'/>
</head>
<body>
  <div class='ocr_page' id='page_1' title='image "./studiainaristot00chrigoog_0112.png"; bbox 0 0 2962 4770; ppageno 0'>
   <div class='ocr_carea' id='block_1_1' title="bbox 182 541 1203 1580">
    <p class='ocr_par' dir='ltr' id='par_1_1' title="bbox 182 541 1203 1580">
     <span class='ocr_line' id='line_1_1' title="bbox 184 541 1203 650; baseline -0.004 -22"><span class='ocrx_word' id='word_1_1' title='bbox 184 573 325 650; x_wconf 80' lang='lat' dir='ltr'><strong>spectare.</strong></span> <span class='ocrx_word' id='word_1_2' title='bbox 356 557 489 624; x_wconf 81' lang='lat' dir='ltr'><strong>Eundem</strong></span> <span class='ocrx_word' id='word_1_3' title='bbox 506 579 673 628; x_wconf 75' lang='lat' dir='ltr'><strong>connexum</strong></span> <span class='ocrx_word' id='word_1_4' title='bbox 689 559 834 624; x_wconf 86' lang='lat' dir='ltr'><strong>librorum</strong></span> <span class='ocrx_word' id='word_1_5' title='bbox 850 561 935 623; x_wconf 88' lang='grc' dir='ltr'><strong>Ζ.Η.</strong></span> <span class='ocrx_word' id='word_1_6' title='bbox 951 572 980 624; x_wconf 82' lang='lat' dir='ltr'><strong>et</strong></span> <span class='ocrx_word' id='word_1_7' title='bbox 995 541 1203 646; x_wconf 79' lang='lat' dir='ltr'><strong>M.N.A.in·¹</strong></span> 
     </span>
     <span class='ocr_line' id='line_1_2' title="bbox 185 670 1198 761; baseline -0.002 -19"><span class='ocrx_word' id='word_1_8' title='bbox 185 677 261 743; x_wconf 84' lang='lat' dir='ltr'><strong>dicet</strong></span> <span class='ocrx_word' id='word_1_9' title='bbox 284 677 339 752; x_wconf 89' lang='lat' dir='ltr'><strong>Ar.</strong></span> <span class='ocrx_word' id='word_1_10' title='bbox 358 681 394 740; x_wconf 90' lang='lat' dir='ltr'><strong>Z.</strong></span> <span class='ocrx_word' id='word_1_11' title='bbox 417 698 442 742; x_wconf 91' lang='lat' dir='ltr'><strong>o.</strong></span> <span class='ocrx_word' id='word_1_12' title='bbox 458 675 500 742; x_wconf 88' lang='lat' dir='ltr'><strong>XI</strong></span> <span class='ocrx_word' id='word_1_13' title='bbox 524 673 691 740; x_wconf 66' lang='lat'><strong>1037210.</strong></span> <span class='ocrx_word' id='word_1_14' title='bbox 722 674 860 761; x_wconf 75' lang='grc' dir='ltr'><strong><em>πότερον</em></strong></span> <span class='ocrx_word' id='word_1_15' title='bbox 884 671 915 738; x_wconf 84' lang='grc' dir='ltr'><strong>δ’</strong></span> <span class='ocrx_word' id='word_1_16' title='bbox 938 670 1004 739; x_wconf 74' lang='grc' dir='ltr'><strong><em>ὅσοι</em></strong></span> <span class='ocrx_word' id='word_1_17' title='bbox 1027 672 1118 761; x_wconf 74' lang='grc' dir='ltr'><em>παρὰ</em></span> <span class='ocrx_word' id='word_1_18' title='bbox 1140 672 1198 760; x_wconf 74' lang='grc' dir='ltr'><strong>τὴν</strong></span> 
     </span>
     <span class='ocr_line' id='line_1_3' title="bbox 182 787 1198 878; baseline -0.002 -21"><span class='ocrx_word' id='word_1_19' title='bbox 182 792 264 878; x_wconf 72' lang='grc' dir='ltr'><strong><em>ὕλην</em></strong></span> <span class='ocrx_word' id='word_1_20' title='bbox 291 797 356 858; x_wconf 77' lang='grc' dir='ltr'><strong>τῶν</strong></span> <span class='ocrx_word' id='word_1_21' title='bbox 383 792 536 858; x_wconf 76' lang='grc' dir='ltr'><strong><em>τοιούτων</em></strong></span> <span class='ocrx_word' id='word_1_22' title='bbox 565 787 683 856; x_wconf 69' lang='grc' dir='ltr'><strong><em>οὐσιῶν</em></strong></span> <span class='ocrx_word' id='word_1_23' title='bbox 710 815 757 866; x_wconf 85' lang='grc' dir='ltr'><strong>τις</strong></span> <span class='ocrx_word' id='word_1_24' title='bbox 792 789 890 876; x_wconf 77' lang='grc' dir='ltr'><strong><em>ἄλλη,</em></strong></span> <span class='ocrx_word' id='word_1_25' title='bbox 925 794 980 854; x_wconf 78' lang='lat' dir='ltr'><strong>real</strong></span> <span class='ocrx_word' id='word_1_26' title='bbox 1013 790 1065 855; x_wconf 82' lang='lat' dir='ltr'><strong>det</strong></span> <span class='ocrx_word' id='word_1_27' title='bbox 1096 789 1198 877; x_wconf 67' lang='grc' dir='ltr'><strong><em>ζητεῖν</em></strong></span> 
     </span>
     <span class='ocr_line' id='line_1_4' title="bbox 185 902 1198 992; baseline -0.003 -19"><span class='ocrx_word' id='word_1_28' title='bbox 185 905 299 974; x_wconf 71' lang='grc' dir='ltr'><strong><em>οὐσίαν</em></strong></span> <span class='ocrx_word' id='word_1_29' title='bbox 321 905 429 974; x_wconf 76' lang='grc' dir='ltr'><strong><em>αὐτῶν</em></strong></span> <span class='ocrx_word' id='word_1_30' title='bbox 451 905 563 992; x_wconf 75' lang='grc' dir='ltr'><strong><em>ἑτέρον</em></strong></span> <span class='ocrx_word' id='word_1_31' title='bbox 578 904 651 972; x_wconf 75' lang='lat' dir='ltr'><strong>revel</strong></span> <span class='ocrx_word' id='word_1_32' title='bbox 674 904 744 972; x_wconf 76' lang='lat' dir='ltr'><strong>olon</strong></span> <span class='ocrx_word' id='word_1_33' title='bbox 760 903 925 992; x_wconf 76' lang='grc' dir='ltr'><strong><em>οἷοιθμούς</em></strong></span> <span class='ocrx_word' id='word_1_34' title='bbox 946 902 970 990; x_wconf 78' lang='grc' dir='ltr'><em>ἤ</em></span> <span class='ocrx_word' id='word_1_35' title='bbox 991 929 1021 969; x_wconf 81' lang='grc' dir='ltr'><strong>τι</strong></span> <span class='ocrx_word' id='word_1_36' title='bbox 1042 905 1198 981; x_wconf 76' lang='grc' dir='ltr'><strong><em>τοιοῦτον,</em></strong></span> 
     </span>
     <span class='ocr_line' id='line_1_5' title="bbox 186 1017 1199 1110; baseline -0.003 -21"><span class='ocrx_word' id='word_1_37' title='bbox 186 1028 337 1090; x_wconf 73' lang='grc' dir='ltr'><strong><em>σκεπτέον</em></strong></span> <span class='ocrx_word' id='word_1_38' title='bbox 358 1017 529 1110; x_wconf 67' lang='grc' dir='ltr'><strong>ὕστερον’).</strong></span> <span class='ocrx_word' id='word_1_39' title='bbox 575 1024 637 1088; x_wconf 87' lang='lat' dir='ltr'><strong>Nec</strong></span> <span class='ocrx_word' id='word_1_40' title='bbox 660 1024 805 1088; x_wconf 79' lang='lat' dir='ltr'><strong>diversam</strong></span> <span class='ocrx_word' id='word_1_41' title='bbox 832 1026 976 1088; x_wconf 79' lang='lat' dir='ltr'><strong>rationem</strong></span> <span class='ocrx_word' id='word_1_42' title='bbox 999 1023 1051 1087; x_wconf 89' lang='lat' dir='ltr'><strong>Ar.</strong></span> <span class='ocrx_word' id='word_1_43' title='bbox 1075 1021 1199 1086; x_wconf 77' lang='lat' dir='ltr'><strong>tradidit</strong></span> 
     </span>
     <span class='ocr_line' id='line_1_6' title="bbox 185 1137 1199 1227; baseline -0.002 -23"><span class='ocrx_word' id='word_1_44' title='bbox 185 1145 227 1204; x_wconf 86' lang='lat' dir='ltr'><strong>H.</strong></span> <span class='ocrx_word' id='word_1_45' title='bbox 243 1142 292 1205; x_wconf 72' lang='lat' dir='ltr'><strong>nl</strong></span> <span class='ocrx_word' id='word_1_46' title='bbox 313 1139 410 1206; x_wconf 76' lang='lat'>1042·</span> <span class='ocrx_word' id='word_1_47' title='bbox 425 1138 566 1216; x_wconf 81' lang='grc'>22-24,</span> <span class='ocrx_word' id='word_1_48' title='bbox 591 1140 738 1227; x_wconf 80' lang='lat' dir='ltr'><strong>significat</strong></span> <span class='ocrx_word' id='word_1_49' title='bbox 753 1142 795 1202; x_wconf 88' lang='lat' dir='ltr'><strong>H.</strong></span> <span class='ocrx_word' id='word_1_50' title='bbox 806 1161 830 1204; x_wconf 89' lang='lat' dir='ltr'><strong>o.</strong></span> <span class='ocrx_word' id='word_1_51' title='bbox 844 1140 878 1203; x_wconf 98' lang='lat' dir='ltr'><strong>lll</strong></span> <span class='ocrx_word' id='word_1_52' title='bbox 897 1137 995 1204; x_wconf 63' lang='lat' dir='ltr'><strong>tuter</strong></span> <span class='ocrx_word' id='word_1_53' title='bbox 1010 1137 1152 1215; x_wconf 67' lang='lat'><strong>37-40,</strong></span> <span class='ocrx_word' id='word_1_54' title='bbox 1170 1151 1199 1202; x_wconf 88' lang='lat' dir='ltr'><strong>et</strong></span> 
     </span>
     <span class='ocr_line' id='line_1_7' title="bbox 186 1253 1197 1349; baseline 0 -31"><span class='ocrx_word' id='word_1_55' title='bbox 186 1255 348 1320; x_wconf 72' lang='lat' dir='ltr'><strong>luculenter</strong></span> <span class='ocrx_word' id='word_1_56' title='bbox 374 1257 534 1322; x_wconf 81' lang='lat' dir='ltr'><strong>illustravit</strong></span> <span class='ocrx_word' id='word_1_57' title='bbox 554 1258 591 1318; x_wconf 88' lang='grc' dir='ltr'><strong>Ζ.</strong></span> <span class='ocrx_word' id='word_1_58' title='bbox 613 1278 637 1320; x_wconf 88' lang='lat' dir='ltr'><strong>c.</strong></span> <span class='ocrx_word' id='word_1_59' title='bbox 654 1257 690 1349; x_wconf 91' lang='lat' dir='ltr'><strong>lll</strong></span> <span class='ocrx_word' id='word_1_60' title='bbox 714 1268 840 1322; x_wconf 87' lang='lat' dir='ltr'><strong>exeunte</strong></span> <span class='ocrx_word' id='word_1_61' title='bbox 869 1267 898 1320; x_wconf 89' lang='lat' dir='ltr'><strong>et</strong></span> <span class='ocrx_word' id='word_1_62' title='bbox 925 1277 989 1341; x_wconf 84' lang='lat' dir='ltr'><strong>cup.</strong></span> <span class='ocrx_word' id='word_1_63' title='bbox 1005 1253 1045 1318; x_wconf 92' lang='lat' dir='ltr'><strong>lV</strong></span> <span class='ocrx_word' id='word_1_64' title='bbox 1068 1256 1197 1331; x_wconf 81' lang='lat' dir='ltr'><strong>ineunte,</strong></span> 
     </span>
     <span class='ocr_line' id='line_1_8' title="bbox 186 1366 1199 1458; baseline -0.003 -22"><span class='ocrx_word' id='word_1_65' title='bbox 186 1369 275 1436; x_wconf 85' lang='lat' dir='ltr'><strong>ruodo</strong></span> <span class='ocrx_word' id='word_1_66' title='bbox 305 1374 488 1458; x_wconf 77' lang='lat' dir='ltr'>ingeniosam</span> <span class='ocrx_word' id='word_1_67' title='bbox 517 1373 716 1457; x_wconf 77' lang='lat' dir='ltr'><strong>conjecturem</strong></span> <span class='ocrx_word' id='word_1_68' title='bbox 740 1373 870 1438; x_wconf 88' lang='lat' dir='ltr'><strong>Bonitzii</strong></span> <span class='ocrx_word' id='word_1_69' title='bbox 893 1372 984 1436; x_wconf 84' lang='lat' dir='ltr'><strong>verbe</strong></span> <span class='ocrx_word' id='word_1_70' title='bbox 1013 1368 1082 1433; x_wconf 69' lang='lat' dir='ltr'><strong>tuo</strong></span> <span class='ocrx_word' id='word_1_71' title='bbox 1109 1366 1141 1432; x_wconf 77' lang='grc' dir='ltr'><strong>δ’</strong></span> <span class='ocrx_word' id='word_1_72' title='bbox 1164 1368 1199 1434; x_wconf 74' lang='grc' dir='ltr'><strong>ἓν</strong></span> 
     </span>
     <span class='ocr_line' id='line_1_9' title="bbox 186 1479 1198 1580; baseline -0.003 -30"><span class='ocrx_word' id='word_1_73' title='bbox 186 1479 270 1578; x_wconf 78' lang='grc' dir='ltr'><strong>α’ρχῇ</strong></span> <span class='ocrx_word' id='word_1_74' title='bbox 285 1519 327 1532; x_wconf 88' lang='grc'><strong>··-</strong></span> <span class='ocrx_word' id='word_1_75' title='bbox 343 1483 443 1552; x_wconf 74' lang='grc' dir='ltr'><strong><em>αὐτοῦ</em></strong></span> <span class='ocrx_word' id='word_1_76' title='bbox 465 1483 513 1568; x_wconf 79' lang='lat'><strong>(9¹²</strong></span> <span class='ocrx_word' id='word_1_77' title='bbox 532 1485 629 1570; x_wconf 82' lang='lat'><strong>1-3)</strong></span> <span class='ocrx_word' id='word_1_78' title='bbox 651 1502 722 1575; x_wconf 88' lang='lat' dir='ltr'><strong>post</strong></span> <span class='ocrx_word' id='word_1_79' title='bbox 745 1485 802 1552; x_wconf 81' lang='grc' dir='ltr'><strong>διὰ</strong></span> <span class='ocrx_word' id='word_1_80' title='bbox 824 1487 946 1557; x_wconf 60' lang='grc' dir='ltr'><strong><em>τοίοιοιν</em></strong></span> <span class='ocrx_word' id='word_1_81' title='bbox 961 1481 1068 1580; x_wconf 68' lang='lat' dir='ltr'><strong>adreio</strong></span> <span class='ocrx_word' id='word_1_82' title='bbox 1083 1479 1125 1564; x_wconf 90' lang='lat' dir='ltr'><strong>(v.</strong></span> <span class='ocrx_word' id='word_1_83' title='bbox 1145 1479 1198 1564; x_wconf 84' lang='lat'><strong>12)</strong></span> 
     </span>
    </p>
   </div>
   <div class='ocr_carea' id='block_1_2' title="bbox 28 1591 1200 1689">
    <p class='ocr_par' dir='ltr' id='par_1_2' title="bbox 28 1591 1200 1689">
     <span class='ocr_line' id='line_1_10' title="bbox 28 1591 1200 1689; baseline -0.002 -23"><span class='ocrx_word' id='word_1_84' title='bbox 28 1591 32 1598; x_wconf 43' lang='lat'>⁵</span> <span class='ocrx_word' id='word_1_85' title='bbox 102 1635 105 1648; x_wconf 90' lang='lat'><strong>·</strong></span> <span class='ocrx_word' id='word_1_86' title='bbox 185 1603 358 1685; x_wconf 66' lang='lat' dir='ltr'><strong>trajicientis</strong></span> <span class='ocrx_word' id='word_1_87' title='bbox 382 1603 566 1689; x_wconf 78' lang='lat' dir='ltr'><strong>probaveris.</strong></span> <span class='ocrx_word' id='word_1_88' title='bbox 602 1602 723 1668; x_wconf 82' lang='lat' dir='ltr'><strong>Certum</strong></span> <span class='ocrx_word' id='word_1_89' title='bbox 742 1603 889 1687; x_wconf 88' lang='lat' dir='ltr'><strong>judicium</strong></span> <span class='ocrx_word' id='word_1_90' title='bbox 912 1603 1041 1665; x_wconf 88' lang='lat' dir='ltr'><strong>inlibris</strong></span> <span class='ocrx_word' id='word_1_91' title='bbox 1060 1599 1200 1664; x_wconf 82' lang='grc' dir='ltr'><strong>Θ.Ι.(1ο-</strong></span> 
     </span>
    </p>
   </div>
   <div class='ocr_carea' id='block_1_3' title="bbox 186 1715 1267 3425">
    <p class='ocr_par' dir='ltr' id='par_1_3' title="bbox 186 1715 1200 2152">
     <span class='ocr_line' id='line_1_11' title="bbox 186 1715 1199 1802; baseline -0.002 -22"><span class='ocrx_word' id='word_1_92' title='bbox 186 1715 364 1793; x_wconf 78' lang='lat' dir='ltr'><strong>sideramus,</strong></span> <span class='ocrx_word' id='word_1_93' title='bbox 394 1739 449 1782; x_wconf 89' lang='lat' dir='ltr'><strong>nec</strong></span> <span class='ocrx_word' id='word_1_94' title='bbox 471 1720 592 1780; x_wconf 89' lang='lat' dir='ltr'><strong>omnino</strong></span> <span class='ocrx_word' id='word_1_95' title='bbox 617 1717 691 1781; x_wconf 89' lang='lat' dir='ltr'><strong>liber</strong></span> <span class='ocrx_word' id='word_1_96' title='bbox 711 1721 738 1780; x_wconf 91' lang='lat' dir='ltr'><strong>I.</strong></span> <span class='ocrx_word' id='word_1_97' title='bbox 760 1730 840 1783; x_wconf 81' lang='lat' dir='ltr'><strong>erote</strong></span> <span class='ocrx_word' id='word_1_98' title='bbox 863 1739 929 1781; x_wconf 88' lang='lat' dir='ltr'><strong>eum</strong></span> <span class='ocrx_word' id='word_1_99' title='bbox 952 1716 1104 1802; x_wconf 84' lang='lat' dir='ltr'><strong>prioribus</strong></span> <span class='ocrx_word' id='word_1_100' title='bbox 1129 1737 1199 1778; x_wconf 85' lang='lat' dir='ltr'><strong>con·</strong></span> 
     </span>
     <span class='ocr_line' id='line_1_12' title="bbox 187 1832 1197 1921; baseline -0.002 -25"><span class='ocrx_word' id='word_1_101' title='bbox 187 1833 339 1896; x_wconf 70' lang='lat' dir='ltr'><strong>cetenetus</strong></span> <span class='ocrx_word' id='word_1_102' title='bbox 368 1845 421 1897; x_wconf 83' lang='lat' dir='ltr'><strong>est</strong></span> <span class='ocrx_word' id='word_1_103' title='bbox 468 1832 666 1898; x_wconf 87' lang='lat' dir='ltr'><strong>Nihilominus</strong></span> <span class='ocrx_word' id='word_1_104' title='bbox 696 1855 734 1898; x_wconf 85' lang='lat' dir='ltr'><strong>ex</strong></span> <span class='ocrx_word' id='word_1_105' title='bbox 764 1837 815 1909; x_wconf 89' lang='lat' dir='ltr'><strong>iis,</strong></span> <span class='ocrx_word' id='word_1_106' title='bbox 847 1855 924 1921; x_wconf 78' lang='lat' dir='ltr'><strong>quae</strong></span> <span class='ocrx_word' id='word_1_107' title='bbox 946 1853 1037 1919; x_wconf 86' lang='lat' dir='ltr'><strong>supro</strong></span> <span class='ocrx_word' id='word_1_108' title='bbox 1060 1834 1197 1918; x_wconf 86' lang='lat' dir='ltr'><strong>exposui,</strong></span> 
     </span>
     <span class='ocr_line' id='line_1_13' title="bbox 187 1947 1200 2038; baseline -0.003 -25"><span class='ocrx_word' id='word_1_109' title='bbox 187 1947 317 2014; x_wconf 82' lang='lat' dir='ltr'><strong>dubitari</strong></span> <span class='ocrx_word' id='word_1_110' title='bbox 339 1950 452 2035; x_wconf 85' lang='lat' dir='ltr'><strong>nequit,</strong></span> <span class='ocrx_word' id='word_1_111' title='bbox 476 1952 548 2036; x_wconf 90' lang='lat' dir='ltr'><strong>quin</strong></span> <span class='ocrx_word' id='word_1_112' title='bbox 562 1950 615 2016; x_wconf 90' lang='lat' dir='ltr'><strong>Ar.</strong></span> <span class='ocrx_word' id='word_1_113' title='bbox 633 1950 689 2014; x_wconf 89' lang='lat' dir='ltr'><strong>hos</strong></span> <span class='ocrx_word' id='word_1_114' title='bbox 705 1971 825 2038; x_wconf 86' lang='lat' dir='ltr'><strong>quoquo</strong></span> <span class='ocrx_word' id='word_1_115' title='bbox 846 1949 938 2014; x_wconf 86' lang='lat' dir='ltr'><strong>libros</strong></span> <span class='ocrx_word' id='word_1_116' title='bbox 954 1950 1037 2015; x_wconf 90' lang='lat' dir='ltr'><strong>libris</strong></span> <span class='ocrx_word' id='word_1_117' title='bbox 1053 1953 1102 2012; x_wconf 91' lang='grc' dir='ltr'><strong>Μ.</strong></span> <span class='ocrx_word' id='word_1_118' title='bbox 1109 1951 1149 2012; x_wconf 92' lang='grc' dir='ltr'><strong>Ν.</strong></span> <span class='ocrx_word' id='word_1_119' title='bbox 1156 1951 1200 2010; x_wconf 90' lang='grc' dir='ltr'><strong>Λ.</strong></span> 
     </span>
     <span class='ocr_line' id='line_1_14' title="bbox 187 2065 530 2152; baseline 0.003 -23"><span class='ocrx_word' id='word_1_120' title='bbox 187 2087 370 2152; x_wconf 82' lang='lat' dir='ltr'><strong>praeponere</strong></span> <span class='ocrx_word' id='word_1_121' title='bbox 393 2065 530 2130; x_wconf 88' lang='lat' dir='ltr'><strong>voluerit.</strong></span> 
     </span>
    </p>

    <p class='ocr_par' dir='ltr' id='par_1_4' title="bbox 187 2180 1267 3425">
     <span class='ocr_line' id='line_1_15' title="bbox 253 2180 1197 2266; baseline 0 -21"><span class='ocrx_word' id='word_1_122' title='bbox 253 2181 442 2246; x_wconf 79' lang='lat' dir='ltr'><strong>Aristotelem</strong></span> <span class='ocrx_word' id='word_1_123' title='bbox 460 2184 553 2266; x_wconf 81' lang='lat' dir='ltr'><strong>igitur</strong></span> <span class='ocrx_word' id='word_1_124' title='bbox 566 2181 658 2246; x_wconf 92' lang='lat' dir='ltr'><strong>libros</strong></span> <span class='ocrx_word' id='word_1_125' title='bbox 674 2183 807 2244; x_wconf 85' lang='grc' dir='ltr'><strong>Ζ.Η.Θ.</strong></span> <span class='ocrx_word' id='word_1_126' title='bbox 814 2185 839 2244; x_wconf 90' lang='grc'><strong>1.</strong></span> <span class='ocrx_word' id='word_1_127' title='bbox 855 2180 937 2245; x_wconf 88' lang='lat' dir='ltr'><strong>libris</strong></span> <span class='ocrx_word' id='word_1_128' title='bbox 954 2181 1096 2244; x_wconf 89' lang='grc' dir='ltr'><strong>Μ.Ν.Λ.</strong></span> <span class='ocrx_word' id='word_1_129' title='bbox 1112 2201 1197 2265; x_wconf 82' lang='lat' dir='ltr'><strong>prec-</strong></span> 
     </span>
     <span class='ocr_line' id='line_1_16' title="bbox 187 2293 1199 2384; baseline 0.005 -28"><span class='ocrx_word' id='word_1_130' title='bbox 187 2293 277 2380; x_wconf 82' lang='lat' dir='ltr'><strong>ligero</strong></span> <span class='ocrx_word' id='word_1_131' title='bbox 299 2297 329 2358; x_wconf 92' lang='lat' dir='ltr'><strong>iu</strong></span> <span class='ocrx_word' id='word_1_132' title='bbox 353 2295 451 2358; x_wconf 80' lang='lat' dir='ltr'><strong>animo</strong></span> <span class='ocrx_word' id='word_1_133' title='bbox 475 2295 612 2362; x_wconf 77' lang='lat' dir='ltr'><strong>habuisse</strong></span> <span class='ocrx_word' id='word_1_134' title='bbox 637 2311 748 2363; x_wconf 88' lang='lat' dir='ltr'><strong>certum</strong></span> <span class='ocrx_word' id='word_1_135' title='bbox 770 2310 823 2363; x_wconf 90' lang='lat' dir='ltr'><strong>est.</strong></span> <span class='ocrx_word' id='word_1_136' title='bbox 860 2295 920 2362; x_wconf 88' lang='lat' dir='ltr'><strong>Sed</strong></span> <span class='ocrx_word' id='word_1_137' title='bbox 936 2297 1085 2361; x_wconf 87' lang='lat' dir='ltr'><strong>vinculum</strong></span> <span class='ocrx_word' id='word_1_138' title='bbox 1103 2295 1199 2384; x_wconf 82' lang='lat' dir='ltr'><strong>quod-</strong></span> 
     </span>
     <span class='ocr_line' id='line_1_17' title="bbox 189 2408 1199 2499; baseline 0.005 -26"><span class='ocrx_word' id='word_1_139' title='bbox 189 2408 255 2474; x_wconf 77' lang='lat' dir='ltr'><strong>dam</strong></span> <span class='ocrx_word' id='word_1_140' title='bbox 271 2410 485 2496; x_wconf 82' lang='lat' dir='ltr'><strong>explorandum</strong></span> <span class='ocrx_word' id='word_1_141' title='bbox 502 2410 567 2488; x_wconf 85' lang='lat' dir='ltr'><strong>luit,</strong></span> <span class='ocrx_word' id='word_1_142' title='bbox 593 2413 674 2499; x_wconf 88' lang='lat' dir='ltr'><strong>quod</strong></span> <span class='ocrx_word' id='word_1_143' title='bbox 693 2415 769 2478; x_wconf 82' lang='lat' dir='ltr'><strong>hane</strong></span> <span class='ocrx_word' id='word_1_144' title='bbox 785 2413 1022 2498; x_wconf 78' lang='lat' dir='ltr'><strong>disputationem</strong></span> <span class='ocrx_word' id='word_1_145' title='bbox 1032 2436 1098 2478; x_wconf 87' lang='lat' dir='ltr'><strong>oum</strong></span> <span class='ocrx_word' id='word_1_146' title='bbox 1115 2435 1199 2498; x_wconf 82' lang='lat' dir='ltr'><strong>prec-</strong></span> 
     </span>
     <span class='ocr_line' id='line_1_18' title="bbox 188 2524 1199 2618; baseline 0.001 -27"><span class='ocrx_word' id='word_1_147' title='bbox 188 2524 302 2591; x_wconf 88' lang='lat' dir='ltr'><strong>cedenti</strong></span> <span class='ocrx_word' id='word_1_148' title='bbox 325 2539 522 2592; x_wconf 86' lang='lat' dir='ltr'><strong>connecteret.</strong></span> <span class='ocrx_word' id='word_1_149' title='bbox 564 2528 664 2618; x_wconf 86' lang='lat' dir='ltr'><strong>Atque</strong></span> <span class='ocrx_word' id='word_1_150' title='bbox 687 2529 742 2593; x_wconf 83' lang='lat' dir='ltr'><strong>hee</strong></span> <span class='ocrx_word' id='word_1_151' title='bbox 765 2531 795 2592; x_wconf 92' lang='lat' dir='ltr'><strong>in</strong></span> <span class='ocrx_word' id='word_1_152' title='bbox 818 2550 850 2592; x_wconf 92' lang='lat' dir='ltr'><strong>rc</strong></span> <span class='ocrx_word' id='word_1_153' title='bbox 873 2529 926 2592; x_wconf 90' lang='lat' dir='ltr'><strong>Ar.</strong></span> <span class='ocrx_word' id='word_1_154' title='bbox 950 2532 1199 2615; x_wconf 79' lang='lat' dir='ltr'><strong>praestantissime</strong></span> 
     </span>
     <span class='ocr_line' id='line_1_19' title="bbox 188 2643 1200 2733; baseline 0.001 -27"><span class='ocrx_word' id='word_1_155' title='bbox 188 2655 249 2706; x_wconf 83' lang='lat' dir='ltr'><strong>erte</strong></span> <span class='ocrx_word' id='word_1_156' title='bbox 272 2665 345 2709; x_wconf 86' lang='lat' dir='ltr'><strong>usus</strong></span> <span class='ocrx_word' id='word_1_157' title='bbox 368 2656 421 2709; x_wconf 88' lang='lat' dir='ltr'><strong>est.</strong></span> <span class='ocrx_word' id='word_1_158' title='bbox 457 2643 534 2708; x_wconf 77' lang='lat' dir='ltr'><strong>&#39;Nem</strong></span> <span class='ocrx_word' id='word_1_159' title='bbox 559 2665 624 2710; x_wconf 89' lang='lat' dir='ltr'><strong>oum</strong></span> <span class='ocrx_word' id='word_1_160' title='bbox 648 2647 679 2708; x_wconf 92' lang='lat' dir='ltr'><strong>in</strong></span> <span class='ocrx_word' id='word_1_161' title='bbox 702 2646 779 2710; x_wconf 89' lang='lat' dir='ltr'><strong>libro</strong></span> <span class='ocrx_word' id='word_1_162' title='bbox 796 2647 829 2708; x_wconf 88' lang='grc' dir='ltr'><strong>Γ.</strong></span> <span class='ocrx_word' id='word_1_163' title='bbox 852 2667 946 2733; x_wconf 80' lang='lat' dir='ltr'><strong>genus</strong></span> <span class='ocrx_word' id='word_1_164' title='bbox 969 2647 1079 2731; x_wconf 78' lang='lat' dir='ltr'><strong>primae</strong></span> <span class='ocrx_word' id='word_1_165' title='bbox 1102 2644 1200 2731; x_wconf 86' lang='lat' dir='ltr'><strong>philo·</strong></span> 
     </span>
     <span class='ocr_line' id='line_1_20' title="bbox 187 2755 1195 2848; baseline 0 -26"><span class='ocrx_word' id='word_1_166' title='bbox 187 2760 309 2845; x_wconf 83' lang='lat' dir='ltr'><strong>sophice</strong></span> <span class='ocrx_word' id='word_1_167' title='bbox 337 2755 373 2823; x_wconf 77' lang='lat' dir='ltr'><strong>cd</strong></span> <span class='ocrx_word' id='word_1_168' title='bbox 402 2757 442 2824; x_wconf 80' lang='lat' dir='ltr'><strong>dv</strong></span> <span class='ocrx_word' id='word_1_169' title='bbox 464 2755 483 2848; x_wconf 77' lang='grc' dir='ltr'><strong><em>ᾗ</em></strong></span> <span class='ocrx_word' id='word_1_170' title='bbox 508 2758 548 2823; x_wconf 76' lang='grc' dir='ltr'><strong>ὃν</strong></span> <span class='ocrx_word' id='word_1_171' title='bbox 570 2783 632 2824; x_wconf 86' lang='lat' dir='ltr'><strong>esse</strong></span> <span class='ocrx_word' id='word_1_172' title='bbox 664 2761 828 2837; x_wconf 84' lang='lat' dir='ltr'><strong>docuisset,</strong></span> <span class='ocrx_word' id='word_1_173' title='bbox 858 2783 937 2825; x_wconf 88' lang='lat' dir='ltr'><strong>nunc</strong></span> <span class='ocrx_word' id='word_1_174' title='bbox 966 2761 1195 2847; x_wconf 79' lang='lat' dir='ltr'><strong>disputationem</strong></span> 
     </span>
     <span class='ocr_line' id='line_1_21' title="bbox 188 2871 1201 2962; baseline 0.003 -29"><span class='ocrx_word' id='word_1_175' title='bbox 188 2871 257 2933; x_wconf 89' lang='lat' dir='ltr'><strong>bnic</strong></span> <span class='ocrx_word' id='word_1_176' title='bbox 288 2875 388 2957; x_wconf 84' lang='lat' dir='ltr'><strong>generi</strong></span> <span class='ocrx_word' id='word_1_177' title='bbox 403 2874 473 2957; x_wconf 84' lang='lat' dir='ltr'><strong>&#39;ipsi</strong></span> <span class='ocrx_word' id='word_1_178' title='bbox 501 2872 640 2937; x_wconf 81' lang='lat' dir='ltr'><strong>adnectit.</strong></span> <span class='ocrx_word' id='word_1_179' title='bbox 686 2875 787 2962; x_wconf 89' lang='lat' dir='ltr'><strong>Atque</strong></span> <span class='ocrx_word' id='word_1_180' title='bbox 811 2889 941 2960; x_wconf 83' lang='lat' dir='ltr'><strong>quotuor</strong></span> <span class='ocrx_word' id='word_1_181' title='bbox 963 2876 1120 2962; x_wconf 80' lang='lat' dir='ltr'><strong>generibus</strong></span> <span class='ocrx_word' id='word_1_182' title='bbox 1143 2874 1201 2937; x_wconf 78' lang='lat' dir='ltr'><strong>roei</strong></span> 
     </span>
     <span class='ocr_line' id='line_1_22' title="bbox 188 2983 1267 3084; baseline 0.006 -36"><span class='ocrx_word' id='word_1_183' title='bbox 188 2983 279 3060; x_wconf 81' lang='grc' dir='ltr'><strong><em>ὄντος</em></strong></span> <span class='ocrx_word' id='word_1_184' title='bbox 308 2985 468 3064; x_wconf 83' lang='lat' dir='ltr'><strong>distinctis,</strong></span> <span class='ocrx_word' id='word_1_185' title='bbox 498 2987 728 3074; x_wconf 83' lang='lat' dir='ltr'><strong>disputationem</strong></span> <span class='ocrx_word' id='word_1_186' title='bbox 759 2990 795 3054; x_wconf 88' lang='lat' dir='ltr'><strong>de</strong></span> <span class='ocrx_word' id='word_1_187' title='bbox 825 2991 998 3056; x_wconf 79' lang='lat' dir='ltr'><strong>substantiis</strong></span> <span class='ocrx_word' id='word_1_188' title='bbox 1021 2995 1083 3055; x_wconf 90' lang='lat' dir='ltr'><strong>sive</strong></span> <span class='ocrx_word' id='word_1_189' title='bbox 1106 2990 1199 3055; x_wconf 87' lang='lat' dir='ltr'><strong>libros</strong></span> <span class='ocrx_word' id='word_1_190' title='bbox 1263 3071 1267 3084; x_wconf 22' lang='lat' dir='ltr'>x</span> 
     </span>
     <span class='ocr_line' id='line_1_23' title="bbox 187 3103 1200 3196; baseline 0.006 -32"><span class='ocrx_word' id='word_1_191' title='bbox 187 3103 271 3164; x_wconf 75' lang='grc' dir='ltr'><strong>ΖΗ.</strong></span> <span class='ocrx_word' id='word_1_192' title='bbox 287 3104 450 3189; x_wconf 87' lang='lat' dir='ltr'><strong>suspendet</strong></span> <span class='ocrx_word' id='word_1_193' title='bbox 463 3104 501 3169; x_wconf 79' lang='lat' dir='ltr'><strong>ab</strong></span> <span class='ocrx_word' id='word_1_194' title='bbox 521 3105 650 3181; x_wconf 88' lang='lat' dir='ltr'><strong>entibus,</strong></span> <span class='ocrx_word' id='word_1_195' title='bbox 675 3109 795 3193; x_wconf 85' lang='lat' dir='ltr'><strong>quaein</strong></span> <span class='ocrx_word' id='word_1_196' title='bbox 813 3109 970 3196; x_wconf 80' lang='lat' dir='ltr'><strong>categoriis</strong></span> <span class='ocrx_word' id='word_1_197' title='bbox 986 3119 1124 3172; x_wconf 82' lang='lat' dir='ltr'><strong>contenta</strong></span> <span class='ocrx_word' id='word_1_198' title='bbox 1141 3109 1200 3170; x_wconf 88' lang='lat' dir='ltr'><strong>sint</strong></span> 
     </span>
     <span class='ocr_line' id='line_1_24' title="bbox 189 3212 1199 3310; baseline 0.009 -33"><span class='ocrx_word' id='word_1_199' title='bbox 189 3212 239 3295; x_wconf 87' lang='lat' dir='ltr'><strong>(ol.</strong></span> <span class='ocrx_word' id='word_1_200' title='bbox 260 3223 296 3280; x_wconf 88' lang='grc' dir='ltr'><strong>Ε.</strong></span> <span class='ocrx_word' id='word_1_201' title='bbox 318 3242 343 3284; x_wconf 82' lang='grc' dir='ltr'><strong>ο.</strong></span> <span class='ocrx_word' id='word_1_202' title='bbox 359 3220 383 3283; x_wconf 98' lang='lat' dir='ltr'><strong>ll</strong></span> <span class='ocrx_word' id='word_1_203' title='bbox 405 3223 461 3284; x_wconf 89' lang='lat' dir='ltr'><strong>init</strong></span> <span class='ocrx_word' id='word_1_204' title='bbox 483 3243 549 3286; x_wconf 88' lang='lat' dir='ltr'><strong>eum</strong></span> <span class='ocrx_word' id='word_1_205' title='bbox 572 3226 609 3284; x_wconf 86' lang='grc' dir='ltr'><strong>Ε.</strong></span> <span class='ocrx_word' id='word_1_206' title='bbox 624 3243 648 3288; x_wconf 86' lang='lat' dir='ltr'><strong>c.</strong></span> <span class='ocrx_word' id='word_1_207' title='bbox 667 3221 706 3286; x_wconf 93' lang='lat' dir='ltr'><strong>lV</strong></span> <span class='ocrx_word' id='word_1_208' title='bbox 730 3221 879 3306; x_wconf 87' lang='lat' dir='ltr'><strong>exeunte),</strong></span> <span class='ocrx_word' id='word_1_209' title='bbox 903 3238 1061 3290; x_wconf 84' lang='lat' dir='ltr'><strong>tractatum</strong></span> <span class='ocrx_word' id='word_1_210' title='bbox 1086 3223 1122 3288; x_wconf 92' lang='lat' dir='ltr'><strong>de</strong></span> <span class='ocrx_word' id='word_1_211' title='bbox 1144 3245 1199 3310; x_wconf 89' lang='lat' dir='ltr'><strong>po-</strong></span> 
     </span>
     <span class='ocr_line' id='line_1_25' title="bbox 190 3333 1200 3425; baseline 0.01 -31"><span class='ocrx_word' id='word_1_212' title='bbox 190 3333 279 3396; x_wconf 82' lang='lat' dir='ltr'><strong>tentia</strong></span> <span class='ocrx_word' id='word_1_213' title='bbox 317 3345 347 3396; x_wconf 93' lang='lat' dir='ltr'><strong>et</strong></span> <span class='ocrx_word' id='word_1_214' title='bbox 380 3347 448 3400; x_wconf 81' lang='lat' dir='ltr'><strong>actu</strong></span> <span class='ocrx_word' id='word_1_215' title='bbox 481 3340 611 3402; x_wconf 79' lang='lat' dir='ltr'><strong>annectit</strong></span> <span class='ocrx_word' id='word_1_216' title='bbox 641 3337 686 3425; x_wconf 78' lang='grc' dir='ltr'><strong>τῷ</strong></span> <span class='ocrx_word' id='word_1_217' title='bbox 715 3337 783 3402; x_wconf 77' lang='grc' dir='ltr'><strong><em>ὄντι</em></strong></span> <span class='ocrx_word' id='word_1_218' title='bbox 813 3338 948 3422; x_wconf 79' lang='grc' dir='ltr'><strong><em>δυνάμει</em></strong></span> <span class='ocrx_word' id='word_1_219' title='bbox 976 3343 1031 3403; x_wconf 78' lang='grc' dir='ltr'><strong>καὶ</strong></span> <span class='ocrx_word' id='word_1_220' title='bbox 1059 3338 1200 3422; x_wconf 70' lang='grc' dir='ltr'><strong>ἐνεργείᾳ</strong></span> 
     </span>
    </p>
   </div>
   <div class='ocr_carea' id='block_1_4' title="bbox 188 3460 399 3474">
    <p class='ocr_par' dir='ltr' id='par_1_5' title="bbox 188 3460 399 3474">
     <span class='ocr_line' id='line_1_26' title="bbox 188 3460 399 3474; baseline 0 -2"><span class='ocrx_word' id='word_1_221' title='bbox 188 3460 399 3474; x_wconf 50' lang='grc' dir='ltr'><em>Μ</em></span> 
     </span>
    </p>
   </div>
   <div class='ocr_carea' id='block_1_5' title="bbox 142 3511 1200 4008">
    <p class='ocr_par' dir='ltr' id='par_1_6' title="bbox 142 3511 1200 4008">
     <span class='ocr_line' id='line_1_27' title="bbox 247 3511 1199 3614; baseline 0.012 -29"><span class='ocrx_word' id='word_1_222' title='bbox 247 3533 266 3600; x_wconf 86' lang='lat'><strong>¹)</strong></span> <span class='ocrx_word' id='word_1_223' title='bbox 283 3531 336 3586; x_wconf 77' lang='lat' dir='ltr'><strong>vix</strong></span> <span class='ocrx_word' id='word_1_224' title='bbox 354 3536 525 3588; x_wconf 79' lang='lat' dir='ltr'><strong>necessarium</strong></span> <span class='ocrx_word' id='word_1_225' title='bbox 545 3545 592 3602; x_wconf 83' lang='lat' dir='ltr'><strong>cst,</strong></span> <span class='ocrx_word' id='word_1_226' title='bbox 611 3545 640 3590; x_wconf 89' lang='lat' dir='ltr'><strong>ut</strong></span> <span class='ocrx_word' id='word_1_227' title='bbox 658 3538 722 3593; x_wconf 90' lang='lat' dir='ltr'><strong>illud</strong></span> <span class='ocrx_word' id='word_1_228' title='bbox 740 3539 849 3614; x_wconf 70' lang='grc' dir='ltr'><strong><em>ὕστερον</em></strong></span> <span class='ocrx_word' id='word_1_229' title='bbox 867 3511 1008 3594; x_wconf 79' lang='lat' dir='ltr'><strong>deiendam.</strong></span> <span class='ocrx_word' id='word_1_230' title='bbox 1035 3542 1097 3596; x_wconf 83' lang='lat' dir='ltr'><strong>Nem</strong></span> <span class='ocrx_word' id='word_1_231' title='bbox 1112 3559 1199 3612; x_wconf 80' lang='lat' dir='ltr'><strong>quem·</strong></span> 
     </span>
     <span class='ocr_line' id='line_1_28' title="bbox 142 3630 1200 3710; baseline 0.009 -27"><span class='ocrx_word' id='word_1_232' title='bbox 142 3663 147 3674; x_wconf 90' lang='lat'>·</span> <span class='ocrx_word' id='word_1_233' title='bbox 190 3646 265 3701; x_wconf 82' lang='lat' dir='ltr'><strong>quem</strong></span> <span class='ocrx_word' id='word_1_234' title='bbox 283 3630 332 3684; x_wconf 89' lang='lat' dir='ltr'><strong>hos</strong></span> <span class='ocrx_word' id='word_1_235' title='bbox 351 3631 431 3686; x_wconf 88' lang='lat' dir='ltr'><strong>libros</strong></span> <span class='ocrx_word' id='word_1_236' title='bbox 450 3644 510 3704; x_wconf 85' lang='lat' dir='ltr'><strong>post</strong></span> <span class='ocrx_word' id='word_1_237' title='bbox 528 3633 747 3692; x_wconf 80' lang='grc' dir='ltr'><strong>1ἰ1ιιοιΜ.Ν.Λ.</strong></span> <span class='ocrx_word' id='word_1_238' title='bbox 767 3640 923 3710; x_wconf 83' lang='lat' dir='ltr'><strong>compositos</strong></span> <span class='ocrx_word' id='word_1_239' title='bbox 944 3655 1000 3692; x_wconf 85' lang='lat' dir='ltr'><strong>esse</strong></span> <span class='ocrx_word' id='word_1_240' title='bbox 1019 3639 1200 3705; x_wconf 84' lang='lat' dir='ltr'><strong>demonstravi,</strong></span> 
     </span>
     <span class='ocr_line' id='line_1_29' title="bbox 189 3730 1199 3804; baseline 0.008 -22"><span class='ocrx_word' id='word_1_241' title='bbox 189 3731 257 3782; x_wconf 86' lang='lat' dir='ltr'><strong>etin</strong></span> <span class='ocrx_word' id='word_1_242' title='bbox 276 3730 340 3784; x_wconf 83' lang='lat' dir='ltr'><strong>hane</strong></span> <span class='ocrx_word' id='word_1_243' title='bbox 357 3740 454 3802; x_wconf 78' lang='lat' dir='ltr'><strong>partem</strong></span> <span class='ocrx_word' id='word_1_244' title='bbox 473 3734 612 3786; x_wconf 80' lang='lat' dir='ltr'><strong>sententiae</strong></span> <span class='ocrx_word' id='word_1_245' title='bbox 631 3735 796 3804; x_wconf 76' lang='lat' dir='ltr'><strong>gravissimae</strong></span> <span class='ocrx_word' id='word_1_246' title='bbox 809 3738 923 3789; x_wconf 88' lang='lat' dir='ltr'><strong>virorum</strong></span> <span class='ocrx_word' id='word_1_247' title='bbox 944 3736 1076 3790; x_wconf 84' lang='lat' dir='ltr'><strong>doctorum</strong></span> <span class='ocrx_word' id='word_1_248' title='bbox 1097 3753 1199 3791; x_wconf 83' lang='lat' dir='ltr'><strong>conces·</strong></span> 
     </span>
     <span class='ocr_line' id='line_1_30' title="bbox 189 3830 1200 3905; baseline 0.009 -26"><span class='ocrx_word' id='word_1_249' title='bbox 189 3837 290 3894; x_wconf 82' lang='lat' dir='ltr'><strong>terunt,</strong></span> <span class='ocrx_word' id='word_1_250' title='bbox 312 3830 357 3884; x_wconf 83' lang='lat' dir='ltr'><strong>Ar.</strong></span> <span class='ocrx_word' id='word_1_251' title='bbox 375 3838 461 3884; x_wconf 82' lang='lat' dir='ltr'><strong>temer</strong></span> <span class='ocrx_word' id='word_1_252' title='bbox 479 3839 568 3902; x_wconf 79' lang='lat' dir='ltr'><strong>posteo</strong></span> <span class='ocrx_word' id='word_1_253' title='bbox 586 3831 637 3898; x_wconf 82' lang='lat' dir='ltr'><strong>hos</strong></span> <span class='ocrx_word' id='word_1_254' title='bbox 653 3831 735 3888; x_wconf 81' lang='lat' dir='ltr'><strong>libros</strong></span> <span class='ocrx_word' id='word_1_255' title='bbox 753 3836 945 3904; x_wconf 77' lang='lat' dir='ltr'><strong>praepositurus</strong></span> <span class='ocrx_word' id='word_1_256' title='bbox 965 3836 1060 3905; x_wconf 88' lang='lat' dir='ltr'><strong>optimo</strong></span> <span class='ocrx_word' id='word_1_257' title='bbox 1082 3833 1141 3902; x_wconf 84' lang='lat' dir='ltr'><strong>jure</strong></span> <span class='ocrx_word' id='word_1_258' title='bbox 1161 3834 1200 3888; x_wconf 95' lang='lat' dir='ltr'><strong>di-</strong></span> 
     </span>
     <span class='ocr_line' id='line_1_31' title="bbox 190 3923 1126 4008; baseline 0.017 -31"><span class='ocrx_word' id='word_1_259' title='bbox 190 3941 244 3979; x_wconf 84' lang='lat' dir='ltr'><strong>cero</strong></span> <span class='ocrx_word' id='word_1_260' title='bbox 262 3930 347 3997; x_wconf 82' lang='lat' dir='ltr'><strong>potuit</strong></span> <span class='ocrx_word' id='word_1_261' title='bbox 364 3930 484 3986; x_wconf 65' lang='lat' dir='ltr'><strong>mensor</strong></span> <span class='ocrx_word' id='word_1_262' title='bbox 499 3928 615 4008; x_wconf 73' lang='lat' dir='ltr'><strong>simper.</strong></span> <span class='ocrx_word' id='word_1_263' title='bbox 1117 3923 1126 3936; x_wconf 53' lang='lat'><strong>⁴</strong></span> 
     </span>
    </p>
   </div>
   <div class='ocr_carea' id='block_1_6' title="bbox 0 0 1493 4770">
    <p class='ocr_par' dir='ltr' id='par_1_7' title="bbox 0 0 1493 4770">
     <span class='ocr_line' id='line_1_32' title="bbox 0 0 1493 4770; baseline 0 0"><span class='ocrx_word' id='word_1_264' title='bbox 0 0 1493 4770; x_wconf 95' lang='lat' dir='ltr'><strong> </strong></span> 
     </span>
    </p>
   </div>
  </div>
 </body>
</html>
