2910 4778
245 559 433 623 concretione
457 568 509 621 eut
531 558 561 622 in
586 557 840 644 conglutinatione
864 570 969 624 nature
993 575 1092 622 earum
1111 570 1257 635 cernatur,

246 674 366 752 dividit,
391 687 426 739 ut
449 675 583 762 exempla
607 675 695 738 allata
719 674 811 738 multo
836 647 928 761 melgis
951 678 1146 753 eontrarium,
1171 695 1258 762 quam

245 791 326 878 quod
350 794 380 854 in
403 794 503 879 priore
520 805 605 878 parte
620 792 808 876 prepositum
825 793 865 855 sit
881 792 1028 857 evincant.
1054 791 1149 856 Multo
1167 794 1260 879 magis

246 930 279 973 ea
304 909 437 994 exempla
462 906 609 990 afferenda
633 905 919 994 luerunt,'quorum
942 921 1047 972 natura
1073 908 1118 972 vel
1143 910 1171 970 in
1195 907 1262 993 plu·

245 1025 328 1090 ribus
345 1025 392 1088 vel
408 1027 438 1088 in
454 1024 593 1088 omnibus
611 1023 782 1087 differentiis
798 1035 957 1110 spectetur.
994 1027 1040 1088 An
1059 1026 1125 1109 quis
1141 1045 1261 1088 manum

230 1121 388 1228 'pedemve
412 1141 502 1205 clavis
527 1141 696 1226 colligatum
721 1140 767 1204 vel
783 1161 821 1204 ex
837 1141 951 1226 liquore
968 1139 1181 1217 condensatum
1198 1161 1261 1203 esse

245 1257 351 1343 putet?
375 1256 452 1322 ‘Sed
477 1269 619 1343 corrupta
644 1278 706 1320 esse
730 1259 824 1342 prime
848 1244 1063 1320 enunciationis
1085 1254 1179 1319 verba
1201 1256 1263 1320 elu-

246 1385 292 1436 cet
315 1394 352 1435 ex
369 1373 455 1437 Alex.
474 1375 702 1436 commentario:
732 1375 787 1433 καὶ
810 1363 922 1446 ἅπλῶς
944 1371 1025 1434 πᾶσι
1047 1370 1171 1444 τούτοις
1194 1367 1264 1456 ὁρι-

247 1487 403 1571 σθήσεται
425 1484 462 1549 cd
486 1488 579 1549 εἶναι.
626 1487 733 1550 Verbis
758 1490 864 1572 igitur,
890 1509 928 1551 ex
951 1509 979 1551 v.
998 1486 1042 1550 24
1064 1486 1262 1573 interpolatis,

247 1604 357 1687 ejectis,
382 1605 467 1688 optio
492 1601 589 1679 detur,
615 1623 652 1666 an
676 1598 789 1674 ὁιτλῶς
813 1600 855 1668 δὲ.
872 1597 908 1666 τὰ
933 1603 1018 1666 εἶναι
1039 1605 1119 1666 πᾶσι
1140 1600 1263 1676 τούτοις

247 1715 469 1803 ὁρισθήσεται,
500 1741 536 1782 an
560 1699 616 1782 ocul
636 1717 716 1781 πᾶσι
742 1717 864 1791 τούτοις
887 1715 1097 1802 ὁρισθήσεται
1119 1713 1155 1780 od
1180 1719 1264 1782 εἶναι

226 1836 339 1896 ἰοοΙίεΙ
380 1835 479 1918 Atque
502 1837 631 1919 priorem
655 1835 810 1898 lectionem
833 1837 1051 1922 concinniorem
1068 1847 1156 1920 atque
1173 1855 1263 1921 expe-

248 1949 384 2013 ditiorem
416 1970 503 2034 quem
535 1967 610 2035 qnee
639 1949 790 2014 dilacerari
820 1954 953 2036 potuerit
982 1973 1044 2014 csse
1073 1949 1261 2028 crediderim

248 2065 338 2129 altere
367 2086 438 2128 vero
468 2067 497 2128 in
524 2065 649 2130 lectione
673 2065 778 2130 bifaria
803 2068 985 2131 constructio
1010 2069 1124 2131 institui
1148 2079 1261 2155 potest:

248 2193 300 2246 aut
323 2184 398 2246 enim
423 2181 503 2244 πᾶσι
526 2194 555 2245 et
578 2175 845 2257 coeeoag‘divettas
870 2195 899 2247 et
923 2183 978 2247 sub
1003 2183 1081 2246 πᾶσι
1098 2205 1198 2248 omnes
1215 2205 1263 2248 res

248 2296 305 2362 sub
329 2294 454 2368 τούτοις
483 2296 661 2360 differentias
692 2311 827 2362 naturam
856 2321 955 2363 cerum
982 2303 1195 2364 constituentes
1218 2303 1264 2364 iu-

248 2413 373 2500 telligas,
398 2425 449 2476 eut
473 2413 639 2496 conjunctis
663 2413 761 2480 verbis
785 2417 865 2478 πᾶσι
886 2415 1009 2490 τούτοις
1033 2437 1134 2480 omues
1154 2439 1200 2486 res
1216 2418 1263 2481 vel

249 2551 340 2616 supra
364 2529 466 2593 allatas
489 2529 536 2592 vel
561 2528 618 2594 hoc
640 2530 678 2614 ad
702 2552 796 2617 genus
819 2535 1000 2618 pertinentes
1025 2531 1170 2620 designari
1196 2553 1261 2596 cen·

248 2669 322 2711 sens.
355 2644 415 2708 Sed
440 2655 596 2729 antequam
614 2643 650 2707 de
674 2644 728 2707 hae
751 2668 782 2707 re
802 2647 979 2729 judicemus,
1000 2649 1161 2726 videamus,
1187 2670 1260 2736 quo·

248 2759 338 2824 modo
362 2759 454 2823 verba
471 2762 624 2847 sequentia
640 2759 814 2845 explicanda
832 2763 898 2828 sint.
932 2768 1031 2852 Atque
1048 2780 1178 2831 naturam
1194 2766 1256 2850 qui·

250 2875 313 2941 dem
331 2876 434 2939 herum
450 2898 547 2940 rerum
565 2873 698 2960 (τούτων
714 2878 848 2942 ἕκαστον
863 2893 875 2924 ³
888 2877 923 2961 l)
940 2879 1111 2946 differentiis
1128 2883 1181 2956 hio
1192 2899 1261 2944 enu-

249 2994 368 3056 meratis
388 2992 512 3069 definiri,
537 3015 590 3056 nec
614 3005 711 3084 tannen
736 2993 915 3058 differentias
939 3017 992 3057 nce
1015 2999 1095 3078 ipsas
1118 3015 1172 3055 nee
1196 3013 1262 3055 cum

250 3110 369 3172 materia
400 3108 497 3196 aliqua
527 3111 700 3195 conjunctas
725 3104 1003 3189 (συνδυαζόμενα)
1030 3107 1263 3168 substantiarum

249 3238 386 3289 naturam
410 3224 519 3288 habere
545 3223 621 3288 inira
645 3225 768 3311 legimus
793 3219 925 3304 (1-4).
966 3219 1165 3283 Nihilominus
1192 3241 1263 3284 ena-

250 3339 362 3424 logiam
383 3337 530 3426 quandam
556 3341 601 3405 his
625 3341 714 3406 rebus
728 3363 804 3405 ¹cum
821 3337 994 3402 substantiis
1011 3336 1192 3401 intercedere
1209 3337 1261 3401 Ar.

249 3455 306 3520 hac
334 3458 449 3520 ratione
479 3457 669 3542 comprobat:
707 3460 766 3519 acal-
787 3447 831 3528 ιὸς
854 3453 889 3520 ἐν
912 3465 982 3532 ταῖς
1005 3443 1128 3528 οὐσίαις
1149 3449 1186 3518 τ’ὁ
1209 3457 1263 3538 τῆς

249 3571 327 3655 etue
350 3571 628 3654 κατηγορούμενον
644 3568 757 3657 odedi]
776 3569 927 3656 ἐνέργεια,
951 3575 1005 3634 καὶ
1020 3569 1056 3633 ἐν
1068 3580 1135 3644 τοῖς
1150 3565 1264 3642 ἄλλοις
1296 3617 1303 3630 .

250 3683 391 3772 ὁρισμοῖς
418 3685 567 3769 μάλιστα.
606 3688 688 3752 Unde
712 3688 803 3754 verba
834 3688 870 3752 ἐν
896 3696 962 3758 τοῖς
986 3682 1097 3757 ἄλλοις
1120 3677 1264 3768 ὁρισμοῖς

251 3803 287 3866 de
318 3801 537 3866 definitionibus
567 3803 677 3864 herum·
700 3806 830 3888 ipsarum
859 3822 957 3865 rorum
994 3793 1128 3874 (ούύύς,
1167 3798 1262 3876 οἶκος,

251 3910 471 4000 κρύσταλλον),
498 3939 572 4004 quae
596 3920 682 3981 meris
704 3918 878 3982 substantiis
902 3911 951 3994 (dv
965 3925 1035 3990 ταῖς
1050 3909 1185 3997 οὐσίαις)
1210 3937 1263 4002 op-
