2910 4778
693 379 852 482 Aa*

265 557 447 626 l'erebentnr.
484 557 560 628 (lum
585 573 681 625 autem
704 562 846 648 pleraque
868 580 938 646 pars
961 559 1020 625 hoe
1035 560 1125 626 modo
1141 566 1279 638 excusari

264 701 324 743 non
340 680 445 766 possit,
463 679 582 743 omnino
596 675 643 742 illa
658 679 827 763 conjectura
839 667 876 742 de
892 675 1107 744 necessitudine
1119 677 1186 744 cod
1195 679 1238 744 Ab
1249 693 1278 746 et

265 794 428 859 Alexandri
451 794 593 858 mittenda
613 807 666 870 est,
691 794 850 858 tenendum
866 806 964 858 eutem
981 794 1111 862 codicem
1127 795 1170 861 Ab
1186 800 1278 882 magis

264 911 385 998 reliquis
411 909 563 975 codicibus
587 909 760 974 Alexandro
785 909 939 989 accedere3
970 888 1212 976 numerus-enim
1235 913 1279 977 lo-

265 1049 378 1102 corum,
403 1029 433 1089 in
458 1026 566 1112 quibus
590 1026 686 1090 codex
709 1027 750 1090 Ab
774 1047 851 1090 unus
875 1047 940 1090 cum
962 1027 1137 1091 Alexandro
1161 1033 1278 1115 conspi-

264 1155 318 1219 ret,
343 1143 431 1228 longe
447 1163 523 1217 eum,
548 1141 601 1206 ubi
619 1163 697 1206 unus
714 1141 855 1219 discedat,
875 1155 1004 1228 superat.
1037 1143 1111 1219 Jam,
1131 1157 1165 1208 ut
1180 1147 1277 1230 capita

265 1259 355 1341 huJ'us
384 1257 595 1343 disputationis
624 1259 717 1342 partis
747 1258 939 1344 complectar:
969 1259 1086 1325 codices
1114 1263 1210 1324 nostri
1239 1283 1277 1325 ex

265 1371 346 1436 fonte
370 1386 527 1437 manarunt
549 1374 722 1443 Alexandro
746 1376 865 1458 ignoto,
894 1375 993 1462 eliqua
1017 1389 1113 1440 autem
1138 1377 1277 1440 affinitate

265 1489 425 1574 exemplar,
449 1487 528 1552 unde
552 1487 648 1552 codex
671 1489 713 1553 Ab
734 1489 926 1554 deducendus
950 1504 1003 1569 est,
1030 1513 1095 1557 cum
1113 1491 1274 1556 Alexandri

265 1617 350 1669 textu
373 1605 564 1696 ponjuuctum
588 1603 652 1668 luit.

261 1716 268 1731 “
331 1719 417 1784 Nunc
441 1720 556 1784 demum
581 1719 617 1784 de
640 1720 937 1805 interpolationibus,
964 1723 1161 1809 quibuscum
1186 1722 1274 1805 ceteri

265 1833 382 1900 codices
407 1848 470 1899 tum
495 1836 591 1900 codex
613 1835 655 1899 Ab
677 1837 822 1922 inquinati
847 1841 920 1915 sint,
952 1837 1171 1925 disceptaturus
1200 1859 1275 1902 sum.

265 1953 365 2038 Atque
393 1955 519 2037 primum
550 1953 746 2038 integritatem
777 1952 902 2016 cod.Ab
924 1965 1098 2036 argumento
1129 1977 1167 2016 ex
1190 1957 1275 2014 innu-

266 2069 351 2131 meris
387 2067 498 2132 mendis
532 2068 765 2156 corruptelisque
799 2069 891 2153 petito
924 2063 1038 2128 delendi
1067 2085 1157 2150 posse
1186 2086 1273 2152 nego.

264 2183 340 2248 Tam
369 2184 460 2249 multa
490 2187 565 2248 eninr
595 2187 624 2248 iu
655 2184 719 2249 cod.
737 2184 779 2249 Ab
802 2183 848 2246 vel
876 2182 961 2267 lapsu
986 2180 1103 2257 calami,
1134 2180 1180 2244 vel
1203 2203 1274 2245 con·

261 2301 415 2383 junctione
439 2322 550 2375 eorum,
575 2323 649 2386 quae
673 2300 803 2386 disjungi
829 2297 964 2373 debeant,
989 2297 1035 2361 vel
1058 2299 1275 2383 permutatione

265 2415 412 2479 vocalium
436 2427 557 2500 peccata
580 2427 664 2492 sunt,
690 2426 724 2478 ut
741 2410 858 2478 'homini
883 2416 1007 2501 optimo,
1032 2415 1082 2500 qui
1107 2415 1202 2498 ipsum
1228 2433 1277 2476 co·

265 2528 359 2596 dicem
382 2531 424 2595 Ab
444 2535 592 2609 exaravit,
621 2530 858 2616 interpolationis
889 2531 1003 2614 culpam
1033 2531 1176 2592 immerito
1202 2530 1276 2590 irro-

264 2651 392 2734 gaveris.
428 2646 543 2709 Etenim
567 2649 592 2708 si
616 2645 663 2709 ille
687 2644 783 2708 scriba
807 2644 896 2707 ullam
917 2665 978 2708 non
995 2645 1061 2710 dico
1078 2646 1276 2730 cognitionem

265 2761 317 2826 sed
341 2760 553 2825 divinationem
577 2764 618 2825 rei
641 2773 782 2852 tractatae
798 2763 1002 2848 orationisque
1017 2781 1139 2847 graecae
1155 2759 1276 2824 habuis-

265 2890 318 2954 set,
344 2897 398 2942 nee
421 2877 526 2942 multas
543 2878 673 2955 lacunas,
699 2900 774 2965 quae
791 2900 905 2944 omnem
921 2901 1030 2944 nexum
1046 2880 1275 2962 interrumpunt,

219 3001 220 3009 ’
266 2991 437 3057 adminisset
464 3014 517 3058 nec
546 2993 652 3059 menda
680 3008 741 3059 tam
771 3009 871 3080 aperta
902 3007 961 3056 tam
990 2993 1074 3058 facile
1102 2991 1276 3079 corrigenda

265 3129 324 3172 non
354 3110 530 3174 sustulisset.
576 3111 825 3173 permutationem
856 3121 954 3172 autem
982 3109 1129 3172 vocalium
1159 3133 1178 3194 η
1206 3131 1233 3170 ac
1254 3130 1274 3183 a,

266 3247 332 3289 cum
356 3249 373 3288 a
396 3245 503 3311 graeca
526 3245 614 3288 manu
637 3223 769 3312 proiecta
795 3245 857 3288 esse
880 3221 1026 3301 videatur,
1051 3244 1110 3287 nou
1132 3227 1189 3310 ipsi
1205 3225 1275 3288 scri-

265 3340 322 3404 bae
351 3339 417 3404 cod.
439 3339 498 3416 Ab,
536 3353 570 3404 ut
602 3343 652 3427 qui
682 3361 804 3428 graecae
835 3339 952 3426 linguae
981 3361 1018 3404 ne
1048 3340 1276 3426 simplicissimas
1371 3391 1375 3398 .

265 3454 384 3542 quidem
409 3456 492 3543 leges·
511 3457 652 3533 calluerit,
680 3456 733 3520 sed
756 3457 791 3530 ei,
817 3455 867 3541 qui
891 3457 1043 3543 exemplar
1065 3456 1143 3534 illius
1168 3456 1276 3521 codicis

266 3572 410 3646 exaravit,
433 3573 636 3656 irrogaverim.
676 3571 778 3635 Multis
800 3582 898 3637 tamen
914 3573 960 3636 his
976 3570 1089 3636 mendis
1105 3570 1277 3656 dignitatem

266 3683 377 3750 codicis
401 3685 442 3749 Ab
463 3689 605 3764 imminui,
629 3711 665 3752 ne
690 3689 756 3774 quis
781 3691 934 3774 opinetur;
959 3689 1095 3774 quisquis
1118 3689 1193 3752 enirn
1219 3687 1277 3750 ulle

267 3801 401 3867 codicum
433 3805 602 3890 cognitione
626 3806 787 3868 instructus
812 3817 872 3880 est,
904 3804 928 3865 is
958 3804 988 3865 in
1017 3803 1164 3889 plerisque
1193 3802 1275 3875 locis,

267 3916 338 4002 quid
368 3920 396 3981 in
427 3919 539 3984 librarii
569 3921 678 3984 crimen
702 3919 891 3994 vertendum,
922 3916 994 4004 quid
1024 3917 1062 3981 ad
1089 3918 1208 3980 alteram
1232 3937 1278 3980 re·
