2962 4770
695 379 735 446 Sl

252 561 255 568 ’
282 555 447 628 10041‘29.
479 554 520 625 cni
545 556 672 626 σ’ὄνσα
700 599 734 640 -ς
761 557 889 645 πλῆθος
912 557 945 623 5·
960 557 990 625 5.
1033 559 1101 644 Quo
1132 557 1225 625 refers

213 677 321 744 πάντα
356 676 394 741 δὲ
429 681 483 741 καί
511 673 637 741 ecilin?
674 677 712 742 ed
739 679 885 764 principie
915 673 1063 742 contraria
1091 679 1226 764 priorum

213 793 463 881 philosophorum
490 797 628 880 proxime
652 795 682 856 in
706 796 914 858 enunciatione
943 787 1113 876 (st-33)
1143 807 1227 858 ener-

214 922 279 976 rsto
308 907 410 974 relcrri
435 923 600 998 nequeunt,
631 909 699 996 quie
723 909 796 974 hacc
819 909 1020 974 adunitatem
1045 921 1074 972 ct
1096 909 1227 974 multitu-

216 1021 494 1113 dinem-neutiquam
507 1025 628 1090 reducta
641 1037 720 1090 sunt.
744 1024 902 1090 Menilcsto
915 1027 1115 1111 respiciuntur
1125 1025 1228 1111 priore

213 1141 306 1226 verbs
335 1139 406 1206 olor
434 1139 543 1216 στάσις
569 1141 626 1205 τοῦ
653 1137 738 1217 ἑνός,
767 1145 887 1226 κίνησις
918 1139 955 1204 δὲ
983 1139 1041 1203 τοῦ
1068 1139 1228 1225 πλήθους.

218 1255 297 1340 Quid
320 1258 413 1322 verni
437 1259 594 1344 universus
618 1258 700 1322 locus
724 1256 831 1321 πάντα
858 1295 893 1307 -
912 1252 991 1340 ἡμίν
1012 1259 1099 1322 unice
1121 1257 1159 1321 ud
1182 1278 1228 1322 re·

219 1371 369 1438 ducendus
405 1375 566 1438 contraries
596 1386 712 1459 portes,
749 1395 812 1438 non
839 1371 876 1437 ud
892 1373 1051 1460 ‘principis
1080 1376 1227 1438 contrarie

216 1491 349 1574 priorum
365 1489 612 1576 philosophorum
628 1492 771 1576 pcrtinet3
787 1501 876 1576 utque
892 1489 1140 1575 philosophorum
1158 1509 1228 1553 con-

215 1606 306 1668 trarie
334 1606 480 1691 principie
509 1604 545 1669 sd
572 1625 681 1670 norem
705 1607 969 1691 argumentationis
992 1619 1104 1690 partem
1129 1605 1228 1670 verbis

218 1713 253 1778 cri
276 1714 357 1780 d‘-
377 1719 546 1782 πίπτουσιν
568 1720 710 1784 inclusum
735 1719 878 1784 trahenda
901 1731 980 1784 sunt.
1015 1717 1067 1784 Sic
1084 1722 1159 1784 enim
1174 1719 1227 1784 Ar.

218 1843 456 1919 argumentetur:
486 1832 631 1919 quidquid
650 1838 700 1900 -sit
729 1857 767 1900 cx
798 1837 952 1900 contrariis
980 1836 1135 1923 principiis
1158 1857 1228 1901 con—

219 1960 331 2012 cretum
366 1969 428 2014 esse
466 1951 600 2046 priorum
634 1926 883 2038 philosophorum
918 1973 1079 2018 consensus
1113 1956 1226 2029 statuit,

218 2066 316 2128 omnin
339 2077 437 2130 nutem
460 2067 599 2130 contrarii
622 2087 729 2152 genere
754 2066 791 2131 nd
807 2071 950 2134 unitatem
967 2080 996 2132 ct
1010 2067 1228 2134 multitudinem

217 2178 407 2267 rediguntur,
443 2181 498 2246 hue
533 2181 659 2269 denique
694 2185 851 2268 primariae
879 2186 1016 2248 notiones
1047 2181 1227 2270 philosopho

217 2296 389 2360 tructnndee
412 2310 495 2360 sunt:
520 2318 590 2384 ergo
607 2297 753 2385 quidquid
777 2311 835 2377 cst,
860 2311 996 2386 quaest,
1021 2299 1228 2387 philosophice

219 2411 362 2495 assignari
386 2409 482 2474 debet.
519 2412 588 2475 lndo
612 2413 766 2500 probabile
790 2415 847 2491 fic„
863 2415 954 2480 verba
975 2411 1016 2478 ccl
1038 2417 1076 2480 dd
1091 2415 1170 2480 ὄντα
1185 2445 1226 2462 -

217 2533 324 2600 νεῖκος
349 2538 454 2613 postca
483 2525 521 2592 ob
545 2527 598 2591 Ar.
627 2530 657 2591 in
682 2530 778 2594 locum
804 2529 936 2594 exilioris
961 2531 1170 2617 disputationis
1193 2527 1229 2595 ai

219 2635 364 2726 δ’ἇρχαί
383 2681 417 2693 -
437 2645 607 2708 πίπτουσιν
629 2643 805 2723 substitute,
832 2645 937 2711 deinde
960 2647 998 2712 cb
1023 2646 1135 2713 editore
1159 2669 1230 2712 con·

216 2754 334 2822 lisseio
357 2760 576 2824 textumillntu
600 2781 672 2826 csse.

286 2868 388 2952 1096·
403 2871 455 2940 26.
486 2869 541 2935 ἔτι
555 2873 591 2936 δὲ
612 2913 646 2924 -
666 2873 733 2955 ίχοι
756 2898 785 2940 v.
803 2876 856 2941 28.
892 2877 972 2942 Haec
995 2879 1087 2944 verba
1111 2903 1149 2945 ex
1173 2880 1229 2947 dus·
1276 2881 1282 2900 '

217 2985 293 3072 plico
321 2991 491 3054 recensione
520 2989 643 3054 fluxisse
672 3012 737 3055 cum
766 2991 843 3056 idern
873 2998 1035 3061 sententiae
1057 3009 1144 3062 tenor
1164 3010 1227 3062 tum

216 3106 342 3189 repetita
377 3103 477 3170 eudem
510 3106 602 3172 verba
631 3103 792 3172 'manifesto
828 3107 1041 3176 demonstrent.
1094 3112 1227 3189 Accedit,

219 3219 300 3302 quod
329 3234 454 3286 externo
483 3243 602 3311 qnoque
628 3227 798 3289 testimonio
822 3225 909 3291 codd.
934 3239 1126 3316 veterumque
1149 3251 1229 3294 com·

181 3405 183 3412 ¹
219 3343 414 3400 montatorum
438 3337 623 3421 adjuvemur.
657 3340 732 3405 Nem
750 3361 815 3404 cum
832 3341 945 3428 duplex
962 3347 1168 3432 apographum
1191 3369 1227 3412 ex

141 3465 148 3478 ⁸
219 3446 335 3513 schedis
351 3451 403 3514 Ar.
420 3449 553 3516 lludcmo
574 3455 690 3522 truditis
713 3456 880 3523 conlectum
902 3481 964 3524 esse
980 3460 1127 3538 videntur,
1155 3463 1228 3526 alter

218 3576 327 3631 temere
355 3578 384 3631 et
409 3569 511 3654 priore
535 3581 564 3635 ct
586 3569 922 3653 recentiors'conludit‚
954 3576 1029 3643 alter
1051 3576 1228 3666 prudentius

217 3683 398 3762 recentiora,
423 3688 540 3772 opinor,
565 3699 679 3752 tontum
703 3691 798 3778 elegit.

287 3798 385 3867 1026·
408 3799 461 3868 23.
501 3798 671 3890 ἀπορήσειε
698 3801 761 3890 γὰρ
791 3807 832 3872 ἄν
860 3831 906 3883 τις
936 3808 1073 3895 πότερόν
1102 3807 1227 3898 roffi]

220 3914 340 4001 rspoicspx
356 3918 537 4006 φιλοσοφία
565 3918 715 3989 καθόλου
744 3919 841 3999 ἐστίν,
871 3925 890 4008 ἢ
914 3929 988 4012 περί
1010 3950 1039 3990 τι
1060 3929 1152 4007 γένος
1174 3929 1229 3992 καί

698 4053 703 4072 ·
1015 4037 1032 4094 6
