<?xml version="1.0" encoding="UTF-8"?>
<!DOCTYPE html PUBLIC "-//W3C//DTD XHTML 1.0 Transitional//EN"
    "http://www.w3.org/TR/xhtml1/DTD/xhtml1-transitional.dtd">
<html xmlns="http://www.w3.org/1999/xhtml" xml:lang="en" lang="en">
 <head>
  <title>
</title>
<meta http-equiv="Content-Type" content="text/html;charset=utf-8" />
  <meta name='ocr-system' content='tesseract 3.04.00' />
  <meta name='ocr-capabilities' content='ocr_page ocr_carea ocr_par ocr_line ocrx_word'/>
</head>
<body>
  <div class='ocr_page' id='page_1' title='image "./studiainaristot00chrigoog_0030.png"; bbox 0 0 2910 4778; ppageno 0'>
   <div class='ocr_carea' id='block_1_1' title="bbox 626 340 784 438">
    <p class='ocr_par' dir='ltr' id='par_1_1' title="bbox 626 340 784 438">
     <span class='ocr_line' id='line_1_1' title="bbox 626 340 784 438; baseline 0 -34"><span class='ocrx_word' id='word_1_1' title='bbox 626 340 784 438; x_wconf 43' lang='lat' dir='ltr'>A</span> 
     </span>
    </p>
   </div>
   <div class='ocr_carea' id='block_1_2' title="bbox 195 519 1209 958">
    <p class='ocr_par' dir='ltr' id='par_1_2' title="bbox 195 519 1209 958">
     <span class='ocr_line' id='line_1_2' title="bbox 198 519 1209 616; baseline 0.004 -28"><span class='ocrx_word' id='word_1_2' title='bbox 198 522 234 588; x_wconf 87' lang='lat' dir='ltr'><strong>ad</strong></span> <span class='ocrx_word' id='word_1_3' title='bbox 256 521 459 608; x_wconf 88' lang='lat' dir='ltr'><strong>quaestionem</strong></span> <span class='ocrx_word' id='word_1_4' title='bbox 490 519 525 584; x_wconf 92' lang='lat' dir='ltr'><strong>de</strong></span> <span class='ocrx_word' id='word_1_5' title='bbox 549 519 735 585; x_wconf 75' lang='lat' dir='ltr'><strong>cohaerentia</strong></span> <span class='ocrx_word' id='word_1_6' title='bbox 764 520 909 594; x_wconf 87' lang='lat' dir='ltr'><strong>librorum</strong></span> <span class='ocrx_word' id='word_1_7' title='bbox 938 526 1209 616; x_wconf 81' lang='lat' dir='ltr'><strong>metaphysicorum</strong></span> 
     </span>
     <span class='ocr_line' id='line_1_3' title="bbox 195 636 1209 723; baseline 0.006 -21"><span class='ocrx_word' id='word_1_8' title='bbox 195 636 375 703; x_wconf 82' lang='lat' dir='ltr'><strong>solvendam.</strong></span> <span class='ocrx_word' id='word_1_9' title='bbox 411 636 485 702; x_wconf 84' lang='lat' dir='ltr'><strong>Meis</strong></span> <span class='ocrx_word' id='word_1_10' title='bbox 509 649 606 702; x_wconf 90' lang='lat' dir='ltr'><strong>autem</strong></span> <span class='ocrx_word' id='word_1_11' title='bbox 629 639 659 701; x_wconf 89' lang='lat' dir='ltr'><strong>in</strong></span> <span class='ocrx_word' id='word_1_12' title='bbox 684 638 861 723; x_wconf 86' lang='lat' dir='ltr'><strong>conjecturis</strong></span> <span class='ocrx_word' id='word_1_13' title='bbox 886 641 1124 708; x_wconf 83' lang='lat' dir='ltr'><strong>commendandis</strong></span> <span class='ocrx_word' id='word_1_14' title='bbox 1141 643 1209 708; x_wconf 91' lang='lat' dir='ltr'><strong>hre-</strong></span> 
     </span>
     <span class='ocr_line' id='line_1_4' title="bbox 196 752 1208 846; baseline 0.005 -27"><span class='ocrx_word' id='word_1_15' title='bbox 196 757 281 820; x_wconf 89' lang='lat' dir='ltr'><strong>vitati</strong></span> <span class='ocrx_word' id='word_1_16' title='bbox 305 752 431 820; x_wconf 75' lang='lat' dir='ltr'><strong>studebo</strong></span> <span class='ocrx_word' id='word_1_17' title='bbox 462 775 549 840; x_wconf 86' lang='lat' dir='ltr'><strong>quem</strong></span> <span class='ocrx_word' id='word_1_18' title='bbox 573 755 731 831; x_wconf 80' lang='lat' dir='ltr'><strong>maximoe,</strong></span> <span class='ocrx_word' id='word_1_19' title='bbox 762 775 857 842; x_wconf 89' lang='lat' dir='ltr'><strong>neque</strong></span> <span class='ocrx_word' id='word_1_20' title='bbox 880 757 910 820; x_wconf 92' lang='lat' dir='ltr'><strong>iu</strong></span> <span class='ocrx_word' id='word_1_21' title='bbox 933 755 987 821; x_wconf 89' lang='lat' dir='ltr'><strong>Ar.</strong></span> <span class='ocrx_word' id='word_1_22' title='bbox 1011 759 1119 845; x_wconf 83' lang='lat' dir='ltr'><strong>piacita</strong></span> <span class='ocrx_word' id='word_1_23' title='bbox 1142 763 1208 846; x_wconf 88' lang='lat' dir='ltr'><strong>ipsa</strong></span> 
     </span>
     <span class='ocr_line' id='line_1_5' title="bbox 197 869 561 958; baseline -0.008 -21"><span class='ocrx_word' id='word_1_24' title='bbox 197 869 374 958; x_wconf 72' lang='lat' dir='ltr'><strong>exponenda</strong></span> <span class='ocrx_word' id='word_1_25' title='bbox 398 891 561 936; x_wconf 80' lang='lat' dir='ltr'><strong>excurram.</strong></span> 
     </span>
    </p>
   </div>
   <div class='ocr_carea' id='block_1_3' title="bbox 600 1037 812 1048">
    <p class='ocr_par' dir='ltr' id='par_1_3' title="bbox 600 1037 812 1048">
     <span class='ocr_line' id='line_1_6' title="bbox 600 1037 812 1048; baseline 0.009 -2"><span class='ocrx_word' id='word_1_26' title='bbox 600 1037 812 1048; x_wconf 65' lang='lat' dir='ltr'><strong>-n-n--u-—n--n</strong></span> 
     </span>
    </p>
   </div>
   <div class='ocr_carea' id='block_1_4' title="bbox 94 1212 1210 1426">
    <p class='ocr_par' dir='ltr' id='par_1_4' title="bbox 94 1212 1210 1426">
     <span class='ocr_line' id='line_1_7' title="bbox 263 1212 1209 1306; baseline 0 -22"><span class='ocrx_word' id='word_1_27' title='bbox 263 1217 340 1284; x_wconf 81' lang='lat'>990·</span> <span class='ocrx_word' id='word_1_28' title='bbox 358 1219 399 1284; x_wconf 85' lang='lat'><strong>22</strong></span> <span class='ocrx_word' id='word_1_29' title='bbox 429 1212 593 1304; x_wconf 72' lang='grc' dir='ltr'><strong><em>ὅτανγὰρ</em></strong></span> <span class='ocrx_word' id='word_1_30' title='bbox 624 1215 659 1282; x_wconf 72' lang='grc' dir='ltr'><strong>ἐν</strong></span> <span class='ocrx_word' id='word_1_31' title='bbox 681 1215 761 1304; x_wconf 72' lang='grc' dir='ltr'><strong>τῳδὶ</strong></span> <span class='ocrx_word' id='word_1_32' title='bbox 788 1219 847 1299; x_wconf 78' lang='grc' dir='ltr'><strong>μὲν</strong></span> <span class='ocrx_word' id='word_1_33' title='bbox 869 1215 913 1306; x_wconf 74' lang='grc' dir='ltr'><strong>τῷ</strong></span> <span class='ocrx_word' id='word_1_34' title='bbox 933 1215 1025 1302; x_wconf 59' lang='grc' dir='ltr'><strong><em>’μέρει</em></strong></span> <span class='ocrx_word' id='word_1_35' title='bbox 1048 1217 1130 1297; x_wconf 82' lang='grc' dir='ltr'><strong><em>δόξα</em></strong></span> <span class='ocrx_word' id='word_1_36' title='bbox 1154 1222 1209 1284; x_wconf 76' lang='grc' dir='ltr'><strong>καὶ</strong></span> 
     </span>
     <span class='ocr_line' id='line_1_8' title="bbox 94 1321 1210 1426; baseline 0.002 -28"><span class='ocrx_word' id='word_1_37' title='bbox 94 1397 97 1406; x_wconf 76' lang='grc'>,</span> <span class='ocrx_word' id='word_1_38' title='bbox 197 1330 307 1420; x_wconf 78' lang='grc' dir='ltr'><strong><em>καιρὸς</em></strong></span> <span class='ocrx_word' id='word_1_39' title='bbox 335 1329 444 1410; x_wconf 69' lang='lat' dir='ltr'><strong>adroic</strong></span> <span class='ocrx_word' id='word_1_40' title='bbox 473 1330 506 1426; x_wconf 72' lang='grc' dir='ltr'><strong>ᾗ,</strong></span> <span class='ocrx_word' id='word_1_41' title='bbox 534 1327 650 1418; x_wconf 80' lang='grc' dir='ltr'><strong><em>μικρὸν</em></strong></span> <span class='ocrx_word' id='word_1_42' title='bbox 679 1331 716 1396; x_wconf 75' lang='grc' dir='ltr'><strong>δὲ</strong></span> <span class='ocrx_word' id='word_1_43' title='bbox 744 1330 878 1422; x_wconf 74' lang='grc' dir='ltr'><strong><em>ἄνωθεν</em></strong></span> <span class='ocrx_word' id='word_1_44' title='bbox 905 1335 926 1418; x_wconf 83' lang='grc' dir='ltr'><em>ἢ</em></span> <span class='ocrx_word' id='word_1_45' title='bbox 955 1321 1106 1398; x_wconf 63' lang='grc' dir='ltr'><strong><em>κάτωθεν</em></strong></span> <span class='ocrx_word' id='word_1_46' title='bbox 1134 1332 1210 1400; x_wconf 77' lang='grc' dir='ltr'><strong>ἅδι-</strong></span> 
     </span>
    </p>
   </div>
   <div class='ocr_carea' id='block_1_5' title="bbox 194 1446 1210 3284">
    <p class='ocr_par' dir='ltr' id='par_1_5' title="bbox 194 1446 1210 3284">
     <span class='ocr_line' id='line_1_9' title="bbox 196 1446 1210 1537; baseline 0.003 -23"><span class='ocrx_word' id='word_1_47' title='bbox 196 1453 250 1514; x_wconf 75' lang='lat' dir='ltr'><strong>eta</strong></span> <span class='ocrx_word' id='word_1_48' title='bbox 272 1454 327 1514; x_wconf 78' lang='grc' dir='ltr'><strong>καὶ</strong></span> <span class='ocrx_word' id='word_1_49' title='bbox 349 1455 448 1536; x_wconf 79' lang='grc' dir='ltr'><strong><em>κρίσις</em></strong></span> <span class='ocrx_word' id='word_1_50' title='bbox 470 1452 490 1537; x_wconf 79' lang='grc' dir='ltr'><em>ἢ</em></span> <span class='ocrx_word' id='word_1_51' title='bbox 512 1455 610 1536; x_wconf 75' lang='grc' dir='ltr'><strong><em>μίξις,</em></strong></span> <span class='ocrx_word' id='word_1_52' title='bbox 634 1446 804 1526; x_wconf 77' lang='grc' dir='ltr'><strong><em>ἀπόδειξιν</em></strong></span> <span class='ocrx_word' id='word_1_53' title='bbox 820 1447 856 1513; x_wconf 78' lang='grc' dir='ltr'><strong>δὲ</strong></span> <span class='ocrx_word' id='word_1_54' title='bbox 871 1447 1005 1530; x_wconf 79' lang='grc' dir='ltr'><strong><em>λέγωσιν</em></strong></span> <span class='ocrx_word' id='word_1_55' title='bbox 1020 1448 1070 1516; x_wconf 78' lang='grc' dir='ltr'><strong>ὅτι</strong></span> <span class='ocrx_word' id='word_1_56' title='bbox 1087 1450 1210 1518; x_wconf 78' lang='grc' dir='ltr'><strong><em>τούτων</em></strong></span> 
     </span>
     <span class='ocr_line' id='line_1_10' title="bbox 194 1562 1210 1652; baseline 0.002 -20"><span class='ocrx_word' id='word_1_57' title='bbox 194 1571 253 1650; x_wconf 66' lang='grc' dir='ltr'><strong>μὲν</strong></span> <span class='ocrx_word' id='word_1_58' title='bbox 281 1571 316 1632; x_wconf 76' lang='grc' dir='ltr'><strong>ἓν</strong></span> <span class='ocrx_word' id='word_1_59' title='bbox 339 1569 473 1634; x_wconf 74' lang='grc' dir='ltr'><strong><em>ἕκαστον</em></strong></span> <span class='ocrx_word' id='word_1_60' title='bbox 496 1564 639 1652; x_wconf 68' lang='grc' dir='ltr'><strong><em>ἀριθμός</em></strong></span> <span class='ocrx_word' id='word_1_61' title='bbox 667 1564 745 1642; x_wconf 72' lang='grc' dir='ltr'><strong><em>ἐστι,</em></strong></span> <span class='ocrx_word' id='word_1_62' title='bbox 775 1569 943 1648; x_wconf 73' lang='grc' dir='ltr'><strong><em>συμβαίνει</em></strong></span> <span class='ocrx_word' id='word_1_63' title='bbox 972 1565 1008 1630; x_wconf 77' lang='grc' dir='ltr'><strong>δὲ</strong></span> <span class='ocrx_word' id='word_1_64' title='bbox 1041 1562 1122 1631; x_wconf 74' lang='lat' dir='ltr'><strong>eaeo?</strong></span> <span class='ocrx_word' id='word_1_65' title='bbox 1152 1563 1210 1634; x_wconf 78' lang='lat' dir='ltr'><strong>cdv</strong></span> 
     </span>
     <span class='ocr_line' id='line_1_11' title="bbox 196 1678 1209 1769; baseline 0.002 -24"><span class='ocrx_word' id='word_1_66' title='bbox 196 1678 296 1748; x_wconf 82' lang='grc' dir='ltr'><strong><em>τόπον</em></strong></span> <span class='ocrx_word' id='word_1_67' title='bbox 318 1684 431 1749; x_wconf 76' lang='grc' dir='ltr'><strong><em>τοῦτον</em></strong></span> <span class='ocrx_word' id='word_1_68' title='bbox 455 1683 515 1769; x_wconf 76' lang='grc' dir='ltr'><strong>ἤδη</strong></span> <span class='ocrx_word' id='word_1_69' title='bbox 544 1680 673 1765; x_wconf 77' lang='grc' dir='ltr'><strong><em>πλῆθος</em></strong></span> <span class='ocrx_word' id='word_1_70' title='bbox 700 1681 870 1744; x_wconf 77' lang='grc' dir='ltr'><strong><em>εἶναιτῶν</em></strong></span> <span class='ocrx_word' id='word_1_71' title='bbox 893 1685 1130 1764; x_wconf 71' lang='grc' dir='ltr'><strong><em>συνισταμένων</em></strong></span> <span class='ocrx_word' id='word_1_72' title='bbox 1152 1705 1209 1766; x_wconf 85' lang='grc' dir='ltr'><strong>με-</strong></span> 
     </span>
     <span class='ocr_line' id='line_1_12' title="bbox 195 1790 1210 1879; baseline 0.002 -19"><span class='ocrx_word' id='word_1_73' title='bbox 195 1797 306 1877; x_wconf 72' lang='grc' dir='ltr'><strong><em>γεθῶν</em></strong></span> <span class='ocrx_word' id='word_1_74' title='bbox 330 1794 384 1862; x_wconf 73' lang='grc' dir='ltr'><strong>διὰ</strong></span> <span class='ocrx_word' id='word_1_75' title='bbox 398 1796 444 1863; x_wconf 74' lang='lat' dir='ltr'><strong>ad</strong></span> <span class='ocrx_word' id='word_1_76' title='bbox 474 1793 514 1860; x_wconf 78' lang='lat' dir='ltr'><strong>eci</strong></span> <span class='ocrx_word' id='word_1_77' title='bbox 543 1795 637 1879; x_wconf 74' lang='grc' dir='ltr'><em>πάθη</em></span> <span class='ocrx_word' id='word_1_78' title='bbox 661 1794 763 1860; x_wconf 77' lang='grc' dir='ltr'><strong><em>ταῦτα</em></strong></span> <span class='ocrx_word' id='word_1_79' title='bbox 786 1790 985 1863; x_wconf 69' lang='grc' dir='ltr'><strong><em>ἀκολουθεῖν</em></strong></span> <span class='ocrx_word' id='word_1_80' title='bbox 1007 1807 1072 1873; x_wconf 75' lang='grc' dir='ltr'><strong><em>τοῖς</em></strong></span> <span class='ocrx_word' id='word_1_81' title='bbox 1100 1797 1210 1876; x_wconf 81' lang='grc' dir='ltr'><strong><em>τόποις</em></strong></span> 
     </span>
     <span class='ocr_line' id='line_1_13' title="bbox 195 1908 1209 2001; baseline 0.005 -24"><span class='ocrx_word' id='word_1_82' title='bbox 195 1908 432 1990; x_wconf 73' lang='grc' dir='ltr'><strong><em>ἑκάστοις</em></strong></span> <span class='ocrx_word' id='word_1_83' title='bbox 456 1912 555 1978; x_wconf 85' lang='lat' dir='ltr'><strong>Verba</strong></span> <span class='ocrx_word' id='word_1_84' title='bbox 580 1912 747 1978; x_wconf 84' lang='lat' dir='ltr'><strong>difficillima</strong></span> <span class='ocrx_word' id='word_1_85' title='bbox 772 1925 930 2001; x_wconf 87' lang='lat' dir='ltr'><strong>autequam</strong></span> <span class='ocrx_word' id='word_1_86' title='bbox 954 1915 1101 2001; x_wconf 82' lang='lat' dir='ltr'><strong>explicare</strong></span> <span class='ocrx_word' id='word_1_87' title='bbox 1122 1938 1209 1982; x_wconf 90' lang='lat' dir='ltr'><strong>eone·</strong></span> 
     </span>
     <span class='ocr_line' id='line_1_14' title="bbox 194 2030 1209 2119; baseline 0.002 -23"><span class='ocrx_word' id='word_1_88' title='bbox 194 2051 269 2109; x_wconf 85' lang='lat' dir='ltr'><strong>mur,</strong></span> <span class='ocrx_word' id='word_1_89' title='bbox 293 2033 435 2116; x_wconf 85' lang='lat' dir='ltr'><strong>primum,</strong></span> <span class='ocrx_word' id='word_1_90' title='bbox 460 2051 549 2118; x_wconf 88' lang='lat' dir='ltr'><strong>quam</strong></span> <span class='ocrx_word' id='word_1_91' title='bbox 574 2030 741 2096; x_wconf 87' lang='lat' dir='ltr'><strong>abstrusam</strong></span> <span class='ocrx_word' id='word_1_92' title='bbox 758 2030 977 2118; x_wconf 78' lang='lat' dir='ltr'><strong>Pythagoricae</strong></span> <span class='ocrx_word' id='word_1_93' title='bbox 1001 2033 1209 2119; x_wconf 85' lang='lat' dir='ltr'><strong>philosophiae</strong></span> 
     </span>
     <span class='ocr_line' id='line_1_15' title="bbox 194 2146 1209 2235; baseline 0 -23"><span class='ocrx_word' id='word_1_94' title='bbox 194 2161 307 2235; x_wconf 82' lang='lat' dir='ltr'><strong>partem</strong></span> <span class='ocrx_word' id='word_1_95' title='bbox 330 2147 387 2212; x_wconf 91' lang='lat' dir='ltr'><strong>hoc</strong></span> <span class='ocrx_word' id='word_1_96' title='bbox 404 2147 469 2212; x_wconf 89' lang='lat' dir='ltr'><strong>loco</strong></span> <span class='ocrx_word' id='word_1_97' title='bbox 487 2147 662 2212; x_wconf 86' lang='lat' dir='ltr'><strong>Aristoteles</strong></span> <span class='ocrx_word' id='word_1_98' title='bbox 677 2149 817 2233; x_wconf 78' lang='lat' dir='ltr'><strong>tetigerit,</strong></span> <span class='ocrx_word' id='word_1_99' title='bbox 842 2146 1060 2212; x_wconf 82' lang='lat' dir='ltr'><strong>adumbreuaus.</strong></span> <span class='ocrx_word' id='word_1_100' title='bbox 1096 2149 1209 2235; x_wconf 86' lang='lat' dir='ltr'><strong>Pytha·</strong></span> 
     </span>
     <span class='ocr_line' id='line_1_16' title="bbox 195 2265 1209 2352; baseline 0.004 -26"><span class='ocrx_word' id='word_1_101' title='bbox 195 2285 302 2348; x_wconf 80' lang='lat' dir='ltr'><strong>goreos</strong></span> <span class='ocrx_word' id='word_1_102' title='bbox 332 2266 407 2328; x_wconf 90' lang='lat' dir='ltr'><strong>enim</strong></span> <span class='ocrx_word' id='word_1_103' title='bbox 439 2277 572 2328; x_wconf 80' lang='lat' dir='ltr'><strong>naturam</strong></span> <span class='ocrx_word' id='word_1_104' title='bbox 603 2284 792 2328; x_wconf 90' lang='lat' dir='ltr'><strong>numerorum</strong></span> <span class='ocrx_word' id='word_1_105' title='bbox 821 2276 995 2350; x_wconf 86' lang='lat' dir='ltr'><strong>partesque,</strong></span> <span class='ocrx_word' id='word_1_106' title='bbox 1031 2285 1069 2328; x_wconf 87' lang='lat' dir='ltr'><strong>ex</strong></span> <span class='ocrx_word' id='word_1_107' title='bbox 1099 2265 1209 2352; x_wconf 90' lang='lat' dir='ltr'><strong>quihus</strong></span> 
     </span>
     <span class='ocr_line' id='line_1_17' title="bbox 196 2379 1208 2466; baseline 0.004 -24"><span class='ocrx_word' id='word_1_108' title='bbox 196 2381 321 2466; x_wconf 89' lang='lat' dir='ltr'><strong>quisque</strong></span> <span class='ocrx_word' id='word_1_109' title='bbox 345 2389 474 2452; x_wconf 83' lang='lat' dir='ltr'><strong>constet,</strong></span> <span class='ocrx_word' id='word_1_110' title='bbox 500 2379 720 2464; x_wconf 82' lang='lat' dir='ltr'><strong>diligentissime</strong></span> <span class='ocrx_word' id='word_1_111' title='bbox 743 2383 864 2444; x_wconf 87' lang='lat' dir='ltr'><strong>rimatos</strong></span> <span class='ocrx_word' id='word_1_112' title='bbox 889 2383 1043 2466; x_wconf 82' lang='lat' dir='ltr'><strong>primarias</strong></span> <span class='ocrx_word' id='word_1_113' title='bbox 1070 2384 1208 2446; x_wconf 88' lang='lat' dir='ltr'><strong>notiones</strong></span> 
     </span>
     <span class='ocr_line' id='line_1_18' title="bbox 196 2492 1209 2582; baseline 0.005 -23"><span class='ocrx_word' id='word_1_114' title='bbox 196 2515 233 2559; x_wconf 83' lang='lat' dir='ltr'><strong>ex</strong></span> <span class='ocrx_word' id='word_1_115' title='bbox 261 2493 450 2559; x_wconf 85' lang='lat' dir='ltr'><strong>similitudine</strong></span> <span class='ocrx_word' id='word_1_116' title='bbox 482 2492 609 2581; x_wconf 86' lang='lat' dir='ltr'><strong>quadam</strong></span> <span class='ocrx_word' id='word_1_117' title='bbox 638 2497 679 2558; x_wconf 87' lang='lat' dir='ltr'><strong>rei</strong></span> <span class='ocrx_word' id='word_1_118' title='bbox 711 2497 883 2580; x_wconf 89' lang='lat' dir='ltr'><strong>numerique</strong></span> <span class='ocrx_word' id='word_1_119' title='bbox 913 2498 1058 2582; x_wconf 86' lang='lat' dir='ltr'><strong>cujusque</strong></span> <span class='ocrx_word' id='word_1_120' title='bbox 1088 2497 1127 2562; x_wconf 93' lang='lat' dir='ltr'><strong>ad</strong></span> <span class='ocrx_word' id='word_1_121' title='bbox 1153 2519 1209 2564; x_wconf 88' lang='lat' dir='ltr'><strong>nu·</strong></span> 
     </span>
     <span class='ocr_line' id='line_1_19' title="bbox 195 2610 1210 2686; baseline 0 -10"><span class='ocrx_word' id='word_1_122' title='bbox 195 2617 291 2676; x_wconf 89' lang='lat' dir='ltr'><strong>meros</strong></span> <span class='ocrx_word' id='word_1_123' title='bbox 325 2610 474 2686; x_wconf 88' lang='lat' dir='ltr'><strong>retulisse,</strong></span> <span class='ocrx_word' id='word_1_124' title='bbox 517 2621 546 2674; x_wconf 92' lang='lat' dir='ltr'><strong>et</strong></span> <span class='ocrx_word' id='word_1_125' title='bbox 573 2622 686 2674; x_wconf 88' lang='lat' dir='ltr'><strong>veteres</strong></span> <span class='ocrx_word' id='word_1_126' title='bbox 721 2622 967 2676; x_wconf 85' lang='lat' dir='ltr'><strong>commentatores</strong></span> <span class='ocrx_word' id='word_1_127' title='bbox 1005 2611 1043 2676; x_wconf 91' lang='lat' dir='ltr'><strong>ad</strong></span> <span class='ocrx_word' id='word_1_128' title='bbox 1072 2612 1109 2676; x_wconf 82' lang='lat' dir='ltr'><strong>A.</strong></span> <span class='ocrx_word' id='word_1_129' title='bbox 1135 2612 1210 2677; x_wconf 90' lang='lat' dir='ltr'><strong>c.V</strong></span> 
     </span>
     <span class='ocr_line' id='line_1_20' title="bbox 196 2726 1207 2814; baseline 0 -20"><span class='ocrx_word' id='word_1_130' title='bbox 196 2742 225 2794; x_wconf 87' lang='lat' dir='ltr'><strong>et</strong></span> <span class='ocrx_word' id='word_1_131' title='bbox 239 2729 303 2794; x_wconf 87' lang='lat' dir='ltr'><strong>Vttt</strong></span> <span class='ocrx_word' id='word_1_132' title='bbox 325 2741 400 2793; x_wconf 83' lang='lat' dir='ltr'><strong>extr.</strong></span> <span class='ocrx_word' id='word_1_133' title='bbox 430 2726 535 2792; x_wconf 67' lang='lat' dir='ltr'><strong>creir.</strong></span> <span class='ocrx_word' id='word_1_134' title='bbox 559 2729 622 2812; x_wconf 89' lang='lat' dir='ltr'><strong>ipse</strong></span> <span class='ocrx_word' id='word_1_135' title='bbox 646 2727 733 2792; x_wconf 88' lang='lat' dir='ltr'><strong>iatius</strong></span> <span class='ocrx_word' id='word_1_136' title='bbox 757 2731 795 2790; x_wconf 91' lang='lat' dir='ltr'><strong>N.</strong></span> <span class='ocrx_word' id='word_1_137' title='bbox 821 2748 846 2792; x_wconf 88' lang='lat' dir='ltr'><strong>c.</strong></span> <span class='ocrx_word' id='word_1_138' title='bbox 865 2727 904 2790; x_wconf 90' lang='lat' dir='ltr'><strong>VI</strong></span> <span class='ocrx_word' id='word_1_139' title='bbox 933 2741 1097 2814; x_wconf 85' lang='lat' dir='ltr'><strong>exponunt.</strong></span> <span class='ocrx_word' id='word_1_140' title='bbox 1143 2727 1207 2794; x_wconf 81' lang='lat' dir='ltr'><strong>dero</strong></span> 
     </span>
     <span class='ocr_line' id='line_1_21' title="bbox 196 2841 1209 2930; baseline 0.004 -22"><span class='ocrx_word' id='word_1_141' title='bbox 196 2845 313 2908; x_wconf 80' lang='lat' dir='ltr'><strong>eosdem</strong></span> <span class='ocrx_word' id='word_1_142' title='bbox 343 2841 540 2930; x_wconf 85' lang='lat' dir='ltr'><strong>philosophos</strong></span> <span class='ocrx_word' id='word_1_143' title='bbox 570 2845 738 2906; x_wconf 84' lang='lat' dir='ltr'><strong>universum</strong></span> <span class='ocrx_word' id='word_1_144' title='bbox 772 2841 913 2906; x_wconf 88' lang='lat' dir='ltr'><strong>mundum</strong></span> <span class='ocrx_word' id='word_1_145' title='bbox 947 2865 985 2908; x_wconf 88' lang='lat' dir='ltr'><strong>ex</strong></span> <span class='ocrx_word' id='word_1_146' title='bbox 1008 2847 1137 2910; x_wconf 90' lang='lat' dir='ltr'><strong>numeris</strong></span> <span class='ocrx_word' id='word_1_147' title='bbox 1167 2848 1209 2912; x_wconf 89' lang='lat' dir='ltr'><strong>ita</strong></span> 
     </span>
     <span class='ocr_line' id='line_1_22' title="bbox 196 2958 1207 3046; baseline 0.001 -21"><span class='ocrx_word' id='word_1_148' title='bbox 196 2962 412 3046; x_wconf 86' lang='lat' dir='ltr'><strong>composuisse,</strong></span> <span class='ocrx_word' id='word_1_149' title='bbox 449 2970 483 3022; x_wconf 88' lang='lat' dir='ltr'><strong>nt</strong></span> <span class='ocrx_word' id='word_1_150' title='bbox 511 2958 561 3021; x_wconf 85' lang='lat' dir='ltr'><strong>aiii</strong></span> <span class='ocrx_word' id='word_1_151' title='bbox 595 2958 661 3022; x_wconf 88' lang='lat' dir='ltr'><strong>loro</strong></span> <span class='ocrx_word' id='word_1_152' title='bbox 697 2959 786 3023; x_wconf 92' lang='lat' dir='ltr'><strong>alium</strong></span> <span class='ocrx_word' id='word_1_153' title='bbox 820 2981 973 3024; x_wconf 86' lang='lat' dir='ltr'><strong>numerum</strong></span> <span class='ocrx_word' id='word_1_154' title='bbox 1009 2961 1207 3040; x_wconf 87' lang='lat' dir='ltr'><strong>attribuerint,</strong></span> 
     </span>
     <span class='ocr_line' id='line_1_23' title="bbox 195 3074 1209 3160; baseline 0 -18"><span class='ocrx_word' id='word_1_155' title='bbox 195 3075 366 3142; x_wconf 80' lang='lat' dir='ltr'><strong>Alexander</strong></span> <span class='ocrx_word' id='word_1_156' title='bbox 381 3098 407 3139; x_wconf 90' lang='lat' dir='ltr'><strong>a.</strong></span> <span class='ocrx_word' id='word_1_157' title='bbox 422 3075 451 3140; x_wconf 89' lang='lat' dir='ltr'><strong>h.</strong></span> <span class='ocrx_word' id='word_1_158' title='bbox 466 3075 484 3138; x_wconf 95' lang='grc' dir='ltr'><strong>Ι.</strong></span> <span class='ocrx_word' id='word_1_159' title='bbox 502 3074 640 3152; x_wconf 87' lang='lat' dir='ltr'><strong>tradidit,</strong></span> <span class='ocrx_word' id='word_1_160' title='bbox 664 3077 711 3138; x_wconf 89' lang='lat' dir='ltr'><strong>cui</strong></span> <span class='ocrx_word' id='word_1_161' title='bbox 735 3096 769 3139; x_wconf 92' lang='lat' dir='ltr'><strong>eo</strong></span> <span class='ocrx_word' id='word_1_162' title='bbox 794 3076 889 3160; x_wconf 84' lang='lat' dir='ltr'><strong>major</strong></span> <span class='ocrx_word' id='word_1_163' title='bbox 904 3079 934 3139; x_wconf 95' lang='lat' dir='ltr'><strong>iu</strong></span> <span class='ocrx_word' id='word_1_164' title='bbox 950 3077 1005 3141; x_wconf 87' lang='lat' dir='ltr'><strong>hac</strong></span> <span class='ocrx_word' id='word_1_165' title='bbox 1021 3099 1052 3140; x_wconf 88' lang='lat' dir='ltr'><strong>re</strong></span> <span class='ocrx_word' id='word_1_166' title='bbox 1067 3078 1140 3143; x_wconf 86' lang='lat' dir='ltr'><strong>fides</strong></span> <span class='ocrx_word' id='word_1_167' title='bbox 1156 3078 1209 3142; x_wconf 89' lang='lat' dir='ltr'><strong>ha·</strong></span> 
     </span>
     <span class='ocr_line' id='line_1_24' title="bbox 196 3186 1209 3284; baseline -0.002 -26"><span class='ocrx_word' id='word_1_168' title='bbox 196 3193 292 3258; x_wconf 85' lang='lat' dir='ltr'><strong>heudo</strong></span> <span class='ocrx_word' id='word_1_169' title='bbox 309 3205 363 3271; x_wconf 86' lang='lat' dir='ltr'><strong>est,</strong></span> <span class='ocrx_word' id='word_1_170' title='bbox 380 3195 450 3280; x_wconf 86' lang='lat' dir='ltr'><strong>quia</strong></span> <span class='ocrx_word' id='word_1_171' title='bbox 463 3192 515 3258; x_wconf 85' lang='lat' dir='ltr'><strong>Ar.</strong></span> <span class='ocrx_word' id='word_1_172' title='bbox 533 3194 627 3284; x_wconf 83' lang='lat' dir='ltr'><strong>ipsius</strong></span> <span class='ocrx_word' id='word_1_173' title='bbox 644 3190 721 3256; x_wconf 92' lang='lat' dir='ltr'><strong>libro</strong></span> <span class='ocrx_word' id='word_1_174' title='bbox 738 3194 812 3276; x_wconf 78' lang='grc' dir='ltr'><strong><em>περὶ</em></strong></span> <span class='ocrx_word' id='word_1_175' title='bbox 828 3194 1067 3278; x_wconf 74' lang='grc' dir='ltr'><strong><em>Πυθαγορείων</em></strong></span> <span class='ocrx_word' id='word_1_176' title='bbox 1081 3190 1180 3276; x_wconf 76' lang='grc' dir='ltr'><em>δόξης</em></span> <span class='ocrx_word' id='word_1_177' title='bbox 1188 3186 1209 3274; x_wconf 82' lang='grc'><strong>’)</strong></span> 
     </span>
    </p>
   </div>
   <div class='ocr_carea' id='block_1_6' title="bbox 176 3407 1209 3972">
    <p class='ocr_par' dir='ltr' id='par_1_6' title="bbox 176 3407 1209 3972">
     <span class='ocr_line' id='line_1_25' title="bbox 256 3407 1209 3485; baseline 0.001 -23"><span class='ocrx_word' id='word_1_178' title='bbox 256 3408 274 3476; x_wconf 91' lang='lat'><strong>¹)</strong></span> <span class='ocrx_word' id='word_1_179' title='bbox 297 3409 339 3474; x_wconf 80' lang='grc' dir='ltr'><strong>ιῆς</strong></span> <span class='ocrx_word' id='word_1_180' title='bbox 358 3407 386 3462; x_wconf 76' lang='grc' dir='ltr'><strong>δὲ</strong></span> <span class='ocrx_word' id='word_1_181' title='bbox 404 3407 501 3470; x_wconf 77' lang='grc' dir='ltr'><strong><em>τάξεως</em></strong></span> <span class='ocrx_word' id='word_1_182' title='bbox 518 3411 560 3475; x_wconf 74' lang='grc' dir='ltr'><strong>τῆς</strong></span> <span class='ocrx_word' id='word_1_183' title='bbox 577 3413 607 3466; x_wconf 77' lang='grc' dir='ltr'><strong>ἐν</strong></span> <span class='ocrx_word' id='word_1_184' title='bbox 624 3412 658 3483; x_wconf 74' lang='grc' dir='ltr'><strong>τῷ</strong></span> <span class='ocrx_word' id='word_1_185' title='bbox 676 3410 796 3484; x_wconf 73' lang='grc' dir='ltr'><strong><em>οὐρανῷ,</em></strong></span> <span class='ocrx_word' id='word_1_186' title='bbox 816 3408 848 3477; x_wconf 71' lang='grc' dir='ltr'><strong>ἢν</strong></span> <span class='ocrx_word' id='word_1_187' title='bbox 866 3410 996 3464; x_wconf 68' lang='grc' dir='ltr'><strong><em>ἐποιοῦντο</em></strong></span> <span class='ocrx_word' id='word_1_188' title='bbox 1013 3411 1063 3464; x_wconf 76' lang='grc' dir='ltr'><strong>τῶν</strong></span> <span class='ocrx_word' id='word_1_189' title='bbox 1081 3409 1209 3485; x_wconf 73' lang='grc' dir='ltr'><strong><em>ἀριθμῶν</em></strong></span> 
     </span>
     <span class='ocr_line' id='line_1_26' title="bbox 176 3505 1209 3583; baseline -0.003 -21"><span class='ocrx_word' id='word_1_190' title='bbox 176 3510 222 3566; x_wconf 76' lang='grc' dir='ltr'><strong>,οἱ</strong></span> <span class='ocrx_word' id='word_1_191' title='bbox 234 3505 423 3580; x_wconf 73' lang='grc' dir='ltr'><strong><em>Πυθαγόρειοι,</em></strong></span> <span class='ocrx_word' id='word_1_192' title='bbox 440 3509 600 3578; x_wconf 75' lang='grc' dir='ltr'><strong><em>μνημονεύει</em></strong></span> <span class='ocrx_word' id='word_1_193' title='bbox 617 3511 646 3562; x_wconf 73' lang='grc' dir='ltr'><strong>ἐν</strong></span> <span class='ocrx_word' id='word_1_194' title='bbox 662 3511 695 3579; x_wconf 82' lang='grc' dir='ltr'><strong>τῷ</strong></span> <span class='ocrx_word' id='word_1_195' title='bbox 715 3509 854 3582; x_wconf 71' lang='grc' dir='ltr'><strong><em>δευτέρῳ</em></strong></span> <span class='ocrx_word' id='word_1_196' title='bbox 871 3508 932 3583; x_wconf 78' lang='grc' dir='ltr'><strong><em>περὶ</em></strong></span> <span class='ocrx_word' id='word_1_197' title='bbox 950 3508 992 3574; x_wconf 65' lang='lat' dir='ltr'><strong>rie</strong></span> <span class='ocrx_word' id='word_1_198' title='bbox 1009 3507 1209 3580; x_wconf 75' lang='grc' dir='ltr'><strong><em>Πυθαγορικῶν</em></strong></span> 
     </span>
     <span class='ocr_line' id='line_1_27' title="bbox 197 3601 1207 3678; baseline -0.002 -20"><span class='ocrx_word' id='word_1_199' title='bbox 197 3605 274 3671; x_wconf 68' lang='grc' dir='ltr'><em>δόξης</em></span> <span class='ocrx_word' id='word_1_200' title='bbox 290 3602 363 3656; x_wconf 80' lang='lat' dir='ltr'><strong>Alex.</strong></span> <span class='ocrx_word' id='word_1_201' title='bbox 383 3622 407 3675; x_wconf 85' lang='lat' dir='ltr'><strong>p.</strong></span> <span class='ocrx_word' id='word_1_202' title='bbox 421 3601 463 3670; x_wconf 83' lang='lat'><strong>56,</strong></span> <span class='ocrx_word' id='word_1_203' title='bbox 479 3603 510 3658; x_wconf 88' lang='lat' dir='ltr'><strong>tt</strong></span> <span class='ocrx_word' id='word_1_204' title='bbox 533 3603 564 3658; x_wconf 87' lang='lat' dir='ltr'><strong>cf.</strong></span> <span class='ocrx_word' id='word_1_205' title='bbox 578 3602 647 3668; x_wconf 85' lang='lat'>31‚1</span> <span class='ocrx_word' id='word_1_206' title='bbox 668 3605 707 3660; x_wconf 88' lang='lat' dir='ltr'><strong>cd.</strong></span> <span class='ocrx_word' id='word_1_207' title='bbox 726 3607 792 3660; x_wconf 93' lang='lat' dir='ltr'><strong>Bon.</strong></span> <span class='ocrx_word' id='word_1_208' title='bbox 812 3604 843 3658; x_wconf 84' lang='lat' dir='ltr'><strong>ei.</strong></span> <span class='ocrx_word' id='word_1_209' title='bbox 857 3603 984 3659; x_wconf 83' lang='lat' dir='ltr'><strong>Jamhlich</strong></span> <span class='ocrx_word' id='word_1_210' title='bbox 1004 3623 1027 3658; x_wconf 91' lang='lat' dir='ltr'><strong>v.</strong></span> <span class='ocrx_word' id='word_1_211' title='bbox 1041 3604 1117 3678; x_wconf 88' lang='lat' dir='ltr'><strong>Pyth.</strong></span> <span class='ocrx_word' id='word_1_212' title='bbox 1138 3601 1207 3658; x_wconf 80' lang='lat' dir='ltr'><strong>cvi</strong></span> 
     </span>
     <span class='ocr_line' id='line_1_28' title="bbox 197 3697 1207 3775; baseline -0.001 -20"><span class='ocrx_word' id='word_1_213' title='bbox 197 3711 222 3755; x_wconf 87' lang='lat' dir='ltr'><strong>et</strong></span> <span class='ocrx_word' id='word_1_214' title='bbox 236 3701 364 3774; x_wconf 87' lang='lat' dir='ltr'><strong>Porphyr.</strong></span> <span class='ocrx_word' id='word_1_215' title='bbox 380 3721 404 3757; x_wconf 90' lang='lat' dir='ltr'><strong>v.</strong></span> <span class='ocrx_word' id='word_1_216' title='bbox 415 3701 491 3775; x_wconf 85' lang='lat' dir='ltr'><strong>Pyth.</strong></span> <span class='ocrx_word' id='word_1_217' title='bbox 509 3701 531 3773; x_wconf 64' lang='grc' dir='ltr'><strong>ἓ.</strong></span> <span class='ocrx_word' id='word_1_218' title='bbox 544 3700 587 3756; x_wconf 79' lang='grc'><strong>41.</strong></span> <span class='ocrx_word' id='word_1_219' title='bbox 611 3703 667 3756; x_wconf 87' lang='lat' dir='ltr'><strong>Duo</strong></span> <span class='ocrx_word' id='word_1_220' title='bbox 687 3704 725 3758; x_wconf 90' lang='lat' dir='ltr'><strong>illi</strong></span> <span class='ocrx_word' id='word_1_221' title='bbox 742 3704 802 3758; x_wconf 91' lang='lat' dir='ltr'><strong>libri</strong></span> <span class='ocrx_word' id='word_1_222' title='bbox 811 3703 951 3759; x_wconf 79' lang='lat' dir='ltr'><strong>Alexandri</strong></span> <span class='ocrx_word' id='word_1_223' title='bbox 966 3704 993 3756; x_wconf 90' lang='lat' dir='ltr'><strong>in</strong></span> <span class='ocrx_word' id='word_1_224' title='bbox 1008 3702 1123 3775; x_wconf 85' lang='lat' dir='ltr'><strong>catalogo</strong></span> <span class='ocrx_word' id='word_1_225' title='bbox 1136 3697 1207 3755; x_wconf 53' lang='lat' dir='ltr'><strong>Dssh.</strong></span> 
     </span>
     <span class='ocr_line' id='line_1_29' title="bbox 197 3798 1209 3879; baseline -0.001 -25"><span class='ocrx_word' id='word_1_226' title='bbox 197 3799 305 3870; x_wconf 82' lang='lat' dir='ltr'><strong>sejuncti</strong></span> <span class='ocrx_word' id='word_1_227' title='bbox 324 3818 381 3856; x_wconf 85' lang='lat' dir='ltr'><strong>esse</strong></span> <span class='ocrx_word' id='word_1_228' title='bbox 394 3801 526 3866; x_wconf 85' lang='lat' dir='ltr'><strong>¹videntur:</strong></span> <span class='ocrx_word' id='word_1_229' title='bbox 544 3802 607 3877; x_wconf 73' lang='grc' dir='ltr'><strong><em>περὶ</em></strong></span> <span class='ocrx_word' id='word_1_230' title='bbox 624 3801 675 3854; x_wconf 70' lang='grc' dir='ltr'><strong>τῶν</strong></span> <span class='ocrx_word' id='word_1_231' title='bbox 685 3807 874 3879; x_wconf 76' lang='grc' dir='ltr'><strong><em>ιιυθογοριὶων</em></strong></span> <span class='ocrx_word' id='word_1_232' title='bbox 886 3801 915 3856; x_wconf 83' lang='grc' dir='ltr'><strong>α’</strong></span> <span class='ocrx_word' id='word_1_233' title='bbox 930 3810 954 3856; x_wconf 85' lang='lat' dir='ltr'><strong>et</strong></span> <span class='ocrx_word' id='word_1_234' title='bbox 966 3798 1033 3872; x_wconf 77' lang='grc' dir='ltr'><strong><em>πρὸς</em></strong></span> <span class='ocrx_word' id='word_1_235' title='bbox 1045 3798 1102 3860; x_wconf 76' lang='grc' dir='ltr'><strong>τούς</strong></span> <span class='ocrx_word' id='word_1_236' title='bbox 1114 3805 1209 3854; x_wconf 79' lang='lat' dir='ltr'><strong>nere-</strong></span> 
     </span>
     <span class='ocr_line' id='line_1_30' title="bbox 196 3900 371 3972; baseline 0 -18"><span class='ocrx_word' id='word_1_237' title='bbox 196 3903 316 3972; x_wconf 75' lang='grc' dir='ltr'><strong><em>γορείους</em></strong></span> <span class='ocrx_word' id='word_1_238' title='bbox 334 3900 371 3954; x_wconf 86' lang='grc' dir='ltr'><strong>α’.</strong></span> 
     </span>
    </p>
   </div>
   <div class='ocr_carea' id='block_1_7' title="bbox 0 0 1461 4778">
    <p class='ocr_par' dir='ltr' id='par_1_7' title="bbox 0 0 1461 4778">
     <span class='ocr_line' id='line_1_31' title="bbox 0 0 1461 4778; baseline 0 0"><span class='ocrx_word' id='word_1_239' title='bbox 0 0 1461 4778; x_wconf 95' lang='lat' dir='ltr'><strong> </strong></span> 
     </span>
    </p>
   </div>
  </div>
 </body>
</html>
