2962 4770
661 359 920 448 *ar-

282 557 408 649 ὅμαλδν
430 565 515 639 ἴσως,
539 561 574 628 ἐν
596 559 729 652 ἀριθμῷ
752 561 789 628 cd
812 557 969 650 περιττόν.
1004 561 1092 630 Omni
1110 559 1294 627 dubitationi

282 693 450 768 exemptum
475 693 536 759 est,
560 693 655 746 rectae
679 681 772 746 lineae
794 683 909 769 regioni
931 681 1063 768 planitiei
1086 677 1294 766 aequalitatem

281 798 476 885 respondere,
508 819 545 862 ex
569 801 731 863 secretione
756 811 853 864 autern
878 797 1010 864 doctrina
1034 817 1174 862 numerus
1197 798 1294 882 impar

281 917 310 979 in
337 918 441 980 seriem
465 914 615 979 bonorum
637 915 790 1001 redigitur.
829 917 931 1004 ltaque
952 915 1099 1002 virgulam
1122 927 1200 980 certe
1222 926 1295 1000 post

281 1025 408 1112 ὁμαλὸν
431 1031 566 1108 colloces,
591 1034 622 1094 ni
645 1034 720 1108 ἴσως
742 1045 813 1120 post
835 1029 968 1118 ἀριθμῷ
989 1029 1294 1116 transjicere‘malue·

279 1148 330 1210 ris.
364 1145 592 1213 Patrocinantur
615 1149 684 1213 huic
708 1150 906 1216 emendationi
930 1149 1085 1213 Ressarion
1109 1142 1298 1226 (innumero

280 1285 351 1328 vero
380 1262 506 1329 sortasse
529 1262 636 1351 impar)
667 1277 695 1330 et
717 1266 889 1332 Alexander
911 1263 981 1343 (rat
1003 1262 1039 1328 ἒν
1061 1259 1194 1348 ἀριθμῷ
1216 1256 1293 1335 ἴσας

279 1373 315 1442 οδ
340 1378 513 1464 περιττόν).
551 1379 599 1444 Ad
623 1400 684 1444 rem
707 1385 801 1469 ipsam
826 1382 959 1448 conferre
978 1383 1066 1466 juvat
1088 1378 1237 1464 Porphyr.
1255 1376 1292 1442 de

279 1497 340 1558 vita
357 1494 445 1581 Pyth.
464 1517 488 1559 e.
506 1493 558 1570 38,
584 1493 690 1558 ἐκάλει
711 1494 774 1581 γάρ
796 1497 861 1563 τῶν
879 1495 1105 1578 ἀντικειμένων
1121 1487 1294 1575 δυνάμεων

279 1607 336 1695 τὴν
358 1613 418 1695 μὲν
439 1609 590 1694 βελτίονα
612 1609 743 1694 μονάδα
766 1617 821 1676 καὶ
843 1613 913 1699 φῶς
936 1617 989 1676 καὶ
1012 1606 1123 1690 δεξιὰν
1143 1612 1199 1673 καὶ
1220 1611 1293 1673 ἴσον

261 1768 265 1792 r
280 1731 334 1788 καὶ
348 1723 627 1809 perornaretur·
643 1722 703 1813 τὴν
717 1727 755 1793 δὲ
769 1731 900 1813 χείρονα
916 1724 1027 1794 dorida
1041 1731 1096 1791 aci
1111 1720 1222 1801 σκότος
1237 1727 1292 1788 καὶ

279 1833 448 1924 άριστερδν
471 1849 525 1906 καὶ
548 1842 661 1907 ἄνοσον
683 1848 738 1906 καὶ
759 1847 929 1929 περιφερὲς
947 1850 1002 1909 καὶ
1017 1839 1209 1930 φερόμενον.
1235 1841 1291 1905 Ar-

280 1976 337 2041 que
368 1960 486 2020 omniuo
518 1961 634 2034 neseio,
664 1981 700 2023 an
725 1983 784 2023 non
808 1961 1020 2046 interpretibus
1043 1963 1073 2023 in
1096 1959 1196 2022 multis
1218 1958 1289 2021 loeis

278 2075 459 2158 posteriores
483 2076 644 2162 scriptores
668 2087 697 2139 et
719 2074 896 2140 scholiastae
917 2074 1059 2141 laudandi
1076 2088 1154 2140 certe
1170 2071 1288 2151 luerint,

277 2200 313 2254 ut
336 2194 505 2276 provincias
528 2214 598 2258 suas
622 2192 775 2278 explerent
796 2192 907 2280 plenas.

681 2445 816 2452 ..ἡκ--.-
826 2444 890 2452 -.--a

345 2652 420 2719 Cum
444 2654 507 2716 aliis
530 2625 560 2715 ih
584 2652 636 2716 Ar.
653 2653 736 2718 libris
759 2667 821 2718 tum
845 2656 875 2718 in
898 2655 981 2720 libris
999 2656 1203 2743 metaphysicis
1218 2673 1283 2716 sae·

277 2769 344 2853 pius
374 2766 637 2832 animadverteram
667 2771 826 2834 sententias
863 2771 920 2836 levi
950 2775 1174 2860 transpositione
1201 2765 1278 2830 iacta

276 2886 307 2947 in
342 2883 475 2948 ordinem
512 2885 603 2949 multo
641 2889 785 2972 aptiorem
820 2899 849 2952 et
878 2888 1035 2972 justiorem
1064 2888 1159 2974 redigi
1184 2902 1280 2971 posse.

276 2998 350 3063 Rern
374 3021 439 3064 curn
463 3003 492 3065 in
516 3000 598 3066 libris
622 3003 832 3089 metaphysicis
855 3023 1056 3089 persequerer,
1082 3005 1138 3066 alia
1157 3005 1186 3065 in
1203 3009 1286 3087 parte

276 3117 382 3193 minus,
408 3120 437 3180 in
458 3117 513 3181 alia
532 3121 624 3203 magis
641 3117 716 3182 hanc
731 3121 875 3182 rationem
891 3115 1024 3208 adhiberi
1041 3135 1127 3200 posse
1144 3115 1286 3179 intellexit

275 3232 375 3317 Atque
399 3231 504 3295 avidus
528 3255 632 3296 causae
655 3233 744 3318 hujus
767 3238 810 3298 roi
830 3227 1049 3318 investigandae
1065 3226 1094 3291 id
1111 3226 1181 3290 mibi
1196 3226 1286 3290 finxi:

275 3346 340 3422 An,
371 3359 405 3410 ut
434 3349 485 3435 qui
513 3348 569 3413 hos
593 3349 685 3415 libros
702 3350 840 3415 'nondum
865 3350 967 3414 ultima
989 3347 1057 3412 lima
1080 3343 1284 3432 perpoliverit,

276 3476 305 3529 et
334 3487 428 3528 novas
458 3467 654 3552 cogitationes
678 3464 811 3553 quotidie
835 3465 981 3532 foecunda
1004 3465 1113 3552 ingenii
1137 3461 1283 3527 alacritate

275 3581 412 3654 volverit,
437 3581 466 3642 in
491 3584 622 3667 margine
645 3584 692 3646 sui
715 3581 891 3664 exemplaris
915 3583 970 3652 alia
988 3603 1067 3645 nova
1089 3580 1204 3665 adjecit,
1228 3574 1283 3640 alia

276 3696 422 3771 correxit,
453 3695 508 3759 alia
533 3694 655 3760 delenda
679 3695 866 3782 significavit.
913 3697 1070 3773 hauteur,
1096 3699 1147 3782 qui
1171 3717 1208 3758 ex
1231 3692 1283 3756 Ar.

275 3813 434 3898 exemplari
470 3811 644 3898 apographa
679 3811 828 3890 lecerunt,
865 3834 920 3898 pro
955 3832 1009 3876 sua
1038 3810 1183 3894 imperitia
1213 3806 1285 3870 alias

274 3937 361 3990 notas
395 3926 469 3994 salso
498 3928 564 3993 loco
593 3929 851 4017 interposuerunt,
882 3927 953 3991 alias
982 3943 1129 3991 unacum
1154 3911 1285 3988 delehdis
