2910 4778
598 375 751 472 A

170 559 194 621 si
217 556 371 620 lectionem
396 551 482 618 oodd.
500 551 541 617 Tl
559 551 599 619 Ge
622 555 769 640 cognitum
793 552 959 630 habuisset,
990 575 1051 617 uon
1074 555 1102 617 in
1125 575 1176 619 ex·

167 670 304 758 plieanda
332 691 386 735 sna
414 671 588 757 pravissima
618 664 743 734 ‚nonde
764 667 879 735 noeto«
909 669 1082 736 laborasset.
1129 668 1177 734 Sl·

169 788 244 852 milis
279 786 410 852 conditio
445 797 596 872 speetatur
630 789 659 849 in
690 798 830 872 corrupta
860 785 1022 852 Alexandri
1052 787 1177 852 lectione

172 899 318 966 1054¹¹17
330 900 554 986 πλησιαίτερον
563 895 593 984 ¹).
616 901 692 994 Hine
703 903 793 989 igitur
805 922 859 966 nee
873 901 989 966 oodiees
1002 923 1038 966 ex
1047 901 1177 966 Alexan-

171 1016 216 1080 dri
239 1030 324 1082 textu
345 1039 495 1083 emanasse
515 1039 569 1081 nee
589 1017 711 1081 alterum
734 1016 859 1094 iontem,
884 1016 963 1082 unde
984 1017 1100 1082 eodioes
1120 1018 1177 1082 llu-

169 1135 281 1209 xerint,
310 1133 482 1198 Alexandro
511 1135 568 1218 ipsi
598 1135 749 1220 cognitum
778 1131 869 1197 luisse
899 1132 1007 1198 affatim
1035 1153 1177 1220 apparere

169 1248 298 1312 videtur.
343 1247 404 1314 Sed
433 1247 505 1312 illnd
534 1269 653 1335 qnoque
680 1270 759 1312 nune
786 1250 816 1311 in
847 1247 969 1312 dubium
997 1251 1175 1324 vocaverim,

170 1385 240 1428 unm
269 1367 388 1428 omnino
417 1366 453 1440 ii,
482 1366 533 1450 qni
562 1366 725 1450 antiquitus
755 1365 932 1451 exemplaria
964 1363 1099 1429 eodieum
1122 1381 1178 1426 no·

170 1491 299 1544 strornm
335 1478 559 1564 descripserint,
594 1479 757 1544 Alexandri
792 1482 999 1546 commentaria
1030 1477 1178 1566 regnove-³
1210 1559 1217 1576 Ι

169 1597 238 1661 rint.
270 1595 403 1682 Namque
426 1617 485 1659 non
510 1594 599 1660 modo
619 1619 656 1661 ex
673 1598 771 1662 multis
788 1595 1079 1682 transpositionibus,
1104 1615 1177 1682 qnos

169 1706 337 1775 Alexander
368 1711 449 1796 larga
481 1733 568 1774 mann
598 1715 772 1796 proposuit,
807 1731 991 1798 quarumque
1019 1709 1178 1773 nonnullae

171 1825 217 1887 vel
235 1809 366 1888 fmextme
388 1824 564 1910 probantur,
590 1845 627 1888 ne
650 1847 738 1890 nnarn
763 1825 880 1914 quidem
905 1829 997 1890 secuti
1020 1838 1101 1902 sunt,
1125 1823 1177 1890 sed

170 1940 256 2003 etiam
281 1941 516 2024 conjecturarum
540 1939 627 2028 longe
651 1945 760 2027 majore
780 1955 863 2028 parte
878 1943 1011 2030 neglecta
1027 1942 1176 2029 vulgarem

169 2054 322 2120 lectionem
358 2057 410 2119 etsi
447 2056 649 2122 obscuriorem
679 2071 861 2145 receperunt.
908 2059 1001 2146 Atqui
1031 2055 1075 2122 es't
1102 2060 1178 2120 inter

169 2170 232 2234 illes
256 2193 329 2247 nna,
355 2193 441 2258 quem
466 2172 635 2258 palmariam
660 2173 812 2260 preedices
836 2165 1178 2253 (100723421130025)

171 2285 277 2359 eltera,
309 2308 395 2371 qnam
426 2290 525 2351 neseio
556 2311 592 2352 au
620 2301 648 2353 et
671 2292 735 2375 ipsa
759 2291 787 2352 in
813 2300 926 2353 textum
950 2287 1117 2372 recipienda
1140 2289 1178 2351 sit

171 2392 287 2476 (1002b
305 2397 348 2462 21
369 2403 423 2460 καὶ
445 2400 474 2462 in
498 2394 585 2462 oillei
608 2401 745 2484 mutato).
783 2403 843 2468 Nee
873 2403 993 2480 dubito,
1025 2406 1096 2489 quin
1124 2403 1177 2479 illi,

170 2513 196 2576 si
218 2512 382 2576 Alexandri
412 2517 625 2597 commentariis
655 2518 700 2580 nsi
730 2530 839 2593 essent,
871 2521 900 2580 in
930 2519 998 2582 libri
1022 2522 1055 2580 Γ.
1079 2541 1103 2583 o.
1127 2517 1176 2582 lV.

172 2624 271 2693 1008b
291 2625 328 2692 11
356 2629 477 2695 verbnm
496 2628 593 2694 Aoede
622 2645 794 2717 corruptum
827 2632 1057 2716 »πεφυκότων1
1086 2634 1178 2696 veris-

169 2747 242 2808 sima
256 2745 381 2810 leetione
403 2748 572 2830 numniv‘,
590 2769 627 2810 ex
638 2746 800 2811 Alexandri
817 2752 1033 2814 commentariis
1048 2761 1177 2837 recepte,

171 2861 360 2944 expulissent.
401 2858 539 2934 Aeoedit,
576 2860 659 2944 qnod
692 2883 804 2947 paneae
832 2865 897 2927 illae
925 2865 1176 2950 interpolationes,

172 2994 246 3059 qnae
275 2996 313 3038 ex
342 2973 503 3038 Alexandri
533 2979 748 3039 commentariis
777 2977 899 3042 linxisse
928 2979 1081 3057 videntur,
1117 2993 1176 3046 tem

171 3086 254 3153 iaoile
278 3091 384 3176 eniqne
407 3111 438 3154 se
462 3090 599 3167 offerunt,
624 3103 658 3154 nt
679 3091 716 3156 ab
733 3091 797 3156 aliis
813 3115 933 3181 quoqne
949 3098 978 3159 in
995 3096 1177 3182 marginibus

170 3225 290 3268 snorum
315 3206 526 3292 exemplarium
550 3206 664 3290 adjecta
689 3229 751 3273 esse
774 3214 898 3296 possint.
936 3211 1005 3277 lude
1030 3233 1094 3288 eos,
1126 3205 1177 3298 qni

170 3313 371 3382 Alexandrum
400 3324 518 3385 noienur
549 3322 651 3402 ducem
680 3327 709 3387 in
739 3337 825 3390 textu
855 3326 1063 3392 constituendo
1090 3330 1177 3393 aesti-

170 3430 309 3494 mandum
342 3453 404 3495 esse
433 3451 584 3514 censeant,
621 3461 718 3504 errare
748 3439 848 3527 liquet.
895 3441 968 3506 Nam
998 3463 1176 3529 quamquam

169 3547 341 3612 Alexander
368 3549 587 3636 integerrimum
617 3569 705 3642 atque
733 3559 875 3642 optimum
899 3571 1016 3623 textum
1037 3556 1176 3623 babuisse

135 3721 139 3723 ,
169 3667 340 3752 nentiquam
370 3687 463 3754 nego,
493 3665 630 3733 omnibns
653 3676 803 3738 tamenin
826 3674 899 3739 loeis
922 3675 1057 3740 eodienm
1081 3673 1177 3761 digni·

170 3819 381 3834 *nnn-n—

228 3910 248 3978 ¹)
272 3909 303 3965 ei.
322 3910 416 3966 Bonita
436 3911 490 3967 obe.
511 3914 565 3968 erit.
584 3914 610 3967 in
629 3915 673 3970 Ar.
692 3913 749 3970 libr.
768 3923 826 3973 met.
845 3935 870 3988 p.
884 3916 933 3974 111
953 3926 979 3973 et
998 3911 1071 3974 112.ν
