2962 4770
530 363 840 462 ‘A‘

218 543 364 630 δύναμιν,
387 536 428 607 col
452 539 485 608 ὁθ
501 539 544 620 ὥς
563 537 657 608 odola
671 536 752 625 πρός
766 564 838 608 τινα
853 540 942 628 disqu.
974 543 1083 610 Verbis
1099 541 1228 610 ἄλλ’-

215 658 289 727 τόδε
311 659 529 726 similitudinem
554 679 654 724 earum
677 679 790 736 rerum,
816 678 892 745 quae
915 671 983 724 actu
1000 683 1063 726 esse
1079 661 1224 740 dieantur,

217 777 254 841 ad
277 775 427 862 aequalem
449 769 673 861 proportionem
697 776 835 861 restringi
852 787 883 838 et
898 774 986 839 Alex.
1004 788 1033 839 et
1048 780 1227 843 recentiores

217 895 390 976 interpretes
414 903 599 954 censuerunt.
632 875 675 955 At
690 903 724 955 ut
739 891 871 976 jejunam
887 889 1018 975 ejusdem
1034 892 1075 954 rei
1091 887 1116 972 (⁸
1133 890 1175 956 36
1189 931 1225 945 -

217 1002 283 1087 ll)
306 1007 510 1092 repetitionem
534 996 729 1089 (ὑπόμνησίς
756 1003 821 1068 doce
849 1004 902 1088 τῆς
928 1001 1105 1083 ἀναλογίας
1126 1003 1228 1088 Alex.)

215 1134 405 1209 praeteream,
431 1120 522 1185 verbe
546 1123 610 1206 ipsa
633 1121 709 1185 hene
732 1122 1004 1208 interpretationem
1028 1143 1167 1212 respuere
1185 1125 1228 1185 vi-

218 1235 336 1306 denturr
378 1235 451 1303 Nam
476 1257 541 1313 cur,
573 1257 699 1322 quaeso,
731 1236 800 1323 Ar„
831 1237 856 1298 si
887 1255 974 1298 unam
1002 1233 1228 1323 proportionem

216 1337 293 1416 inter
315 1373 415 1416 omnes
439 1374 496 1429 res,
520 1373 596 1438 quae
619 1363 648 1416 et
671 1363 738 1416 actu
763 1363 791 1414 et
806 1353 939 1436 potentie
955 1353 1024 1426 sint,
1049 1351 1228 1418 intercedere

217 1487 321 1554 urgere
344 1468 500 1543 voluisset,
531 1488 592 1531 non
615 1467 800 1552 simpliciter,
825 1477 987 1551 utsupra,
1014 1465 1151 1530 dixisset:
1185 1459 1230 1543 ὥς

215 1584 308 1670 cetico
331 1576 411 1666 πρὸς
425 1581 542 1646 turico?
565 1583 664 1670 Atque
682 1581 843 1656 videamus,
868 1601 904 1643 ne
925 1583 1023 1664 ipsum
1039 1581 1111 1646 illud
1128 1581 1229 1647 discri-

218 1717 283 1758 men
306 1699 382 1760 inter
398 1697 544 1781 duplicem
568 1709 651 1758 actus
674 1705 850 1781 potestatem
874 1695 904 1755 in
927 1692 1060 1756 lormulis
1077 1694 1112 1758 ἓν
1126 1690 1228 1780 τούτῳ

217 1809 237 1893 ἢ
251 1804 332 1894 πρὸς
346 1809 439 1874 τοῦτο
455 1809 660 1874 abscunditum
682 1809 781 1874 lateat.
811 1795 975 1894 Distiug'uit
991 1811 1067 1874 enim
1082 1809 1135 1874 Ar.
1153 1814 1230 1876 inter

217 1923 340 1988 lormam
364 1924 617 2012 substantiamque
641 1917 792 2004 (οὐσίαν),
817 1945 893 2024 quae
916 1937 1054 2011 respectu
1069 1926 1151 1990 rudis
1168 1948 1229 1992 rna·

217 2042 316 2117 toriae,
341 2053 370 2105 et
393 2055 504 2106 motum
528 2043 735 2128 vigoremque,
761 2042 813 2126 qui
834 2042 1129 2126 respectu'torpidae
1152 2043 1229 2105 iner-

216 2158 274 2220 tiae
302 2168 370 2220 actu
399 2177 462 2221 esse
491 2156 636 2220 dicantur.
683 2155 748 2219 lam
778 2166 812 2218 ut
840 2153 935 2218 lorma
964 2157 993 2216 in
1021 2157 1143 2218 materie
1165 2175 1229 2222 esse

218 2272 280 2334 sive
303 2274 440 2334 materiae
463 2273 605 2356 impressa
630 2291 691 2336 esse
716 2271 826 2356 optime
851 2267 968 2348 dicitur,
992 2271 1035 2336 sic
1058 2291 1145 2334 nemo
1165 2291 1228 2336 mo-

218 2395 280 2448 tum
314 2386 434 2449 inertiae
469 2384 595 2473 insidere
625 2389 687 2448 sive
715 2387 845 2469 vigiliam
874 2387 989 2449 somnio
1020 2389 1113 2450 inesse
1142 2386 1227 2452 dicet.

217 2499 385 2564 Posteriore
415 2501 490 2564 enim
520 2501 551 2562 in
573 2521 680 2585 genere
704 2511 786 2563 ectus
810 2502 968 2586 proportio
990 2522 1051 2564 nun
1074 2504 1130 2564 sie:
1166 2489 1231 2579 »ὦς’

217 2611 252 2679 τὸ
276 2608 447 2700 ἐγρηγορὸς
469 2613 504 2677 ἓν
518 2617 563 2700 cqi
585 2609 802 2678 eaeeuooou«
832 2613 885 2678 sed
908 2589 1079 2694 hec'modo
1110 2611 1173 2690 »ὥς
1191 2611 1228 2678 cd

218 2725 387 2815 ἐγρηγορὸς
408 2724 489 2812 πρὸς
511 2723 546 2792 cd
571 2726 756 2792 coaretor«
780 2731 956 2795 instituitur·
989 2731 1091 2817 ltaque
1113 2731 1230 2818 virgule

219 2858 288 2927 post
310 2841 470 2921 ἀνάλογον
493 2841 610 2905 sublata
633 2845 675 2905 sie
699 2842 840 2926 explicari
864 2842 967 2908 debet:
992 2859 1059 2909 actu
1083 2867 1228 2910 essenon

220 2960 317 3022 omnia
342 2956 444 3022 eodem
468 2956 556 3043 modo
581 2956 730 3032 dicuntur,
754 2957 806 3022 sed
831 2957 947 3023 duabus
970 2971 1048 3024 eerte
1063 2959 1229 3026 rationibus

218 3077 322 3161 iisque,
347 3086 381 3137 ut
403 3073 538 3160 analogia
560 3085 637 3150 utar,
663 3082 697 3137 ut
720 3073 811 3138 boene
834 3075 863 3136 in
881 3073 1040 3138 hocce...
1076 3075 1136 3141 Sed
1152 3097 1228 3140 non·
1279 3126 1284 3143 e
1398 3091 1409 3108 ⁶

220 3189 289 3252 dnm
318 3190 389 3254 mihi
416 3187 580 3266 satisfaci03
609 3190 718 3275 pungit
746 3191 820 3252 enim
849 3187 922 3252 illud
951 3185 1024 3252 ἀλλ’
1055 3189 1083 3274 ἢ.
1129 3190 1228 3278 Atque

221 3305 326 3366 iterum
349 3304 623 3389 iterumqueAlex.
648 3306 771 3367 rimatus
794 3305 955 3389 particulas
979 3296 1090 3390 ἀλλ’ἢ
1111 3307 1142 3369 in
1165 3306 1228 3391 ejus

220 3431 305 3482 textu
334 3417 460 3482 defuisse
489 3417 709 3502 spoponderim.
756 3417 830 3482 Nam
853 3417 1025 3482 Alexander
1046 3421 1070 3482 si
1093 3432 1228 3484 nostrum

221 3547 334 3600 textum
351 3533 512 3609 habuisset,
530 3553 688 3619 numquam
704 3534 780 3598 hanc
795 3535 1067 3620 interpretationem
1084 3532 1226 3599 dedisset:

220 3644 256 3714 cd
285 3645 378 3712 »ἀλλ’
400 3650 420 3733 ἢ
440 3683 482 3696 -
505 3642 599 3713 co'ds‘
628 3643 788 3728 (lemmatis
814 3650 894 3712 nulla
916 3648 989 3739 {ides
1012 3648 1148 3714 habenda
1171 3645 1228 3730 est)

220 3762 394 3850 ὑπόμνησίς
416 3762 481 3828 ἐστι
501 3765 555 3848 τῆς
578 3754 763 3841 ἀναλογίας,
788 3761 829 3840 ὡς
852 3763 881 3827 ei
902 3761 1010 3844 ἔλεγεν
1024 3759 1074 3827 ὅτι
1087 3756 1129 3826 coi
1143 3757 1228 3826 civoi-

222 3877 318 3960 λογον
340 3877 505 3964 λεγόμενα.
537 3857 639 3968 ltaque
662 3879 733 3944 mihi
755 3879 839 3944 valde
855 3879 1010 3948 verisimile
1033 3900 1096 3946 esse
1110 3879 1229 3946 videtur
