2960 4772
609 399 769 501 A

184 587 262 653 εἰσιν
291 582 430 672 ἀριθμοὶ
451 581 487 648 ai
509 583 608 659 ῐδέαι,
632 575 705 647 oe’d’
726 579 809 656 ὅλως
832 575 901 644 οἶόν
921 603 955 644 τε
978 574 1079 655 αὐτάς
1100 581 1193 646 εῖναι.

184 705 217 770 ta
246 706 343 768 τίνων
369 695 430 788 γάρ
459 697 587 766 ἔσονται
613 695 722 785 δρχῶν
744 693 779 759 oti
802 695 900 775 ἰδέαις
927 693 1028 783 ὁγὰρ
1051 693 1195 782 ἀριθμός

184 820 269 885 έοτιν
297 819 331 883 ἐκ
359 817 416 882 aod
444 814 516 892 ἑνδς
545 821 599 880 καὶ
626 815 680 900 τῆς
709 813 831 888 δυάδος
856 813 912 899 τῆς
934 809 1093 898 αόρλστου.
1131 815 1195 879 Hac

187 939 262 1002 enim
292 938 321 998 io
351 933 527 999 refutatione
554 935 603 997 Aa.
632 935 719 996 terite
749 933 876 1016 sumpsit
903 943 1053 1017 tamquam
1083 943 1194 994 certum

186 1054 321 1127 axioma,
351 1073 389 1114 ex
414 1050 517 1114 iisdem
542 1049 693 1135 principiis
717 1069 763 1112 res
787 1046 919 1110 diversae
943 1058 1066 1111 naturae
1090 1046 1195 1111 dedimi

186 1170 318 1256 nequire.
349 1166 385 1231 ei.
404 1163 503 1231 1090*
518 1163 559 1230 33
576 1186 640 1251 sqq.

255 1280 356 1347 109012
370 1279 423 1346 36.
452 1281 482 1342 ai
508 1275 652 1365 μὲνγὰρ
681 1277 715 1342 έκ
744 1278 801 1344 nod
832 1273 976 1362 paradino
999 1282 1052 1341 καὶ
1074 1278 1197 1362 μικροῦ,

188 1396 206 1462 ὁ
230 1392 329 1471 atinde
352 1396 461 1483 ἐκείνῳ
484 1393 572 1460 ἔσται
594 1396 639 1484 τῷ
661 1395 725 1461 τάν
748 1393 853 1471 ἰδεῶν,
876 1393 913 1471 έξ
935 1389 1040 1458 άλλου
1056 1394 1093 1472 δέ
1112 1416 1198 1469 τινος

188 1513 302 1599 μικροῦ
331 1517 384 1575 καὶ
411 1506 564 1595 μεγάλου·
588 1508 627 1575 εδ
655 1507 718 1595 γάρ
745 1513 868 1595 μεγέθη
891 1519 985 1574 ποιεῖ.
1021 1510 1199 1600 Cprruptela

189 1631 286 1715 aliqua
322 1629 394 1693 haee
424 1629 517 1693 verba
551 1628 685 1715 squalere
714 1630 869 1713 perspieue
898 1625 1112 1690 demonstravit
1140 1627 1199 1690 Bo·

191 1746 313 1821 mittiue,
337 1745 536 1828 conjecturam
553 1755 665 1818 autem,
691 1762 778 1826 quam
801 1744 969 1828 proposuit,
993 1736 1137 1823 μεγάλου
1158 1736 1199 1802 τά

190 1860 313 1942 μεγέθη
342 1867 441 1933 ποιεῖ,
468 1880 523 1922 nee
548 1857 634 1922 Alex.
658 1870 735 1922 eerta
765 1859 940 1922 auctoritate
969 1857 1116 1935 firmatur,
1147 1879 1200 1922 nec

192 1977 312 2038 omnino
346 1974 416 2037 mihi
446 1973 608 2059 probatum
645 1974 836 2060 premendum
866 1977 942 2038 enim
973 1974 1043 2052 tuit,
1076 1995 1114 2037 ex
1144 1974 1201 2038 aiia

191 2092 287 2178 speeie
318 2094 412 2177 magni
443 2103 472 2154 et
498 2092 583 2177 parvi
611 2113 765 2156 numerum
790 2091 1027 2155 mathematicum
1051 2092 1201 2176 procreari

191 2229 251 2271 non
277 2230 383 2294 posse,
416 2221 450 2271 ut
473 2229 548 2294 quae
572 2209 789 2295 magnitudines
813 2205 943 2294 effingat.
978 2205 1202 2294 simplicissima

192 2325 355 2385 mutatione
383 2321 538 2406 legendum
569 2346 631 2388 esse
655 2327 820 2410 suspicor:⁴
836 2323 865 2385 ai
885 2325 946 2406 μὲν
962 2321 1136 2400 ..λδεῶνς
1167 2321 1202 2400 ἐξ

193 2435 295 2500 ἄλλου
319 2434 355 2500 δέ
377 2458 463 2510 τινος
485 2443 674 2520 μικροῦκαὶ
695 2437 840 2520 μεγάλου
862 2439 914 2501 οὔ·
937 2435 977 2500 τά
998 2439 1060 2523 γὰρ
1077 2442 1202 2524 μεγέθη
1301 2473 1306 2478 ·

192 2560 287 2616 ποιεῖ.
325 2551 375 2617 Sia
405 2557 481 2618 enim
512 2552 586 2617 ordo
617 2553 826 2640 disputationis
854 2553 1003 2643 procedit:
1035 2576 1071 2617 ex
1100 2555 1202 2619 eodem

194 2691 300 2757 magno
325 2683 353 2734 et
380 2690 474 2756 parvo
499 2691 639 2734 numerus
664 2669 885 2734 mathematicus
909 2669 984 2734 effici
1008 2673 1124 2758 nequit,
1150 2693 1203 2736 nee

194 2807 232 2850 ex
261 2786 358 2872 aliqua
387 2788 485 2872 speeie
514 2790 612 2871 magni
642 2789 802 2872 parvique,
839 2808 892 2850 neo
922 2782 1048 2874 denique
1078 2809 1116 2852 ex
1146 2790 1202 2853 alio

196 2899 323 2984 quodam
347 2921 453 2984 genere
477 2897 599 2981 (ἔτερόν
619 2897 672 2977 τι).

265 3011 363 3078 1093ἃ
378 3011 421 3077 20
444 3012 514 3077 ἐπεὶ
538 3019 593 3078 καὶ
614 3011 650 3078 εδ
666 3013 771 3084 ΞΨΖ
785 3019 971 3101 συμφωνίας
994 3024 1095 3102 φασὶν
1111 3022 1204 3099 εἶναι,

195 3131 249 3192 καλ
271 3125 320 3193 ὅτι
343 3129 461 3194 έκεΐναι
483 3141 588 3232 τρεῖς,
601 3135 656 3194 καὶ
677 3132 779 3197 ταῦια
801 3137 883 3218 τρία.
928 3134 1098 3200 Posteriora
1121 3151 1205 3224 parto

196 3266 255 3307 non
286 3246 447 3333 quidquam
476 3251 547 3312 novi
578 3248 711 3325 additur,
742 3248 793 3313 sed
824 3273 912 3316 eausa
943 3274 995 3316 eur
1023 3252 1206 3341 Pythagorei

197 3357 345 3422 levissima
368 3362 556 3427 simiiitudioe
575 3378 692 3452 arrepta
712 3363 916 3453 diphthoggos
932 3368 1124 3452 symphonias
1142 3393 1206 3436 esse

198 3473 343 3552 dixerint,
375 3475 548 3561 explicatur.
588 3479 688 3566 ltaque
712 3483 826 3557 neseio,
852 3505 888 3545 an
912 3487 965 3546 καὶ
989 3505 1028 3547 ex
1051 3486 1206 3550 iteratione

196 3591 435 3680 praecedentium
469 3593 619 3658 literarum
653 3599 794 3684 originem
830 3603 954 3665 traxerit
986 3623 1020 3665 ae
1054 3623 1207 3668 removen-

198 3709 266 3774 dum
292 3715 339 3775 sit.

252 3823 367 3934 ’1093‘
383 3823 424 3892 18
453 3824 489 3891 έν
517 3825 630 3918 ἑκάσιή
659 3823 721 3914 γάρ
751 3831 808 3896 eoi
831 3828 924 3907 ὄντος
946 3837 1120 3922 κατηγορίᾳ
1143 3835 1208 3902 duat

199 3933 234 4002 ιδ
265 3930 444 4023 άνάλογον,
476 3939 519 4019 ὡς
547 3940 632 4010 mide)
661 3943 697 4011 έν
718 3944 824 4031 μήκει,
853 3946 954 4025 οὕτως
976 3949 1012 4015 έν
1034 3949 1149 4018 πλάτει
1170 3951 1206 4020 εδ
