2962 4770
215 563 361 649 ὕστερον,
391 585 445 628 nec
468 561 605 640 dubium,
636 564 709 650 quin
736 562 808 626 haec
829 561 923 628 verba
946 585 1011 630 cum
1036 564 1128 630 initio
1145 566 1226 653 capi-

215 685 251 747 tis
267 682 321 746 Xll
344 681 505 746 arctissime
529 679 715 744 cohaereant.
748 678 907 761 Quomodo
931 681 1006 744 enim
1030 693 1130 767 partes
1154 680 1225 772 ἀοῦς

215 799 335 862 nitiouis
369 796 416 860 uel
453 807 551 882 partes
586 797 628 860 rei
662 795 691 856 in
726 796 868 860 unitatem
899 793 1081 871 coalescant,
1122 808 1226 883 postca

216 907 373 995 (ὕστερον)
397 933 428 975 sc
451 911 718 976 demonstraturum
736 931 798 974 esse
816 905 870 990 (H.
886 931 910 974 c.
924 909 964 974 Vl
981 922 1010 975 et
1024 913 1067 975 A.
1090 909 1142 974 uhi
1154 897 1226 976 'vide

216 1047 241 1091 c.
254 1027 292 1091 X.
312 1025 410 1094 107512
432 1023 598 1107 att-37).
634 1025 686 1090 Ar.
706 1025 878 1112 pollicetur3
902 1036 1099 1114 nunc-autem
1116 1047 1149 1092 ea
1164 1027 1226 1112 pri-

215 1163 293 1207 mum
317 1137 462 1227 (πρῶτον
485 1143 504 1206 i.
522 1163 547 1206 e.
571 1143 744 1229 priusquam
769 1142 846 1206 illam
871 1143 1073 1228 quaestionem
1095 1138 1223 1223 solvat),

189 1315 191 1320 .
216 1235 290 1344 puae
312 1260 343 1321 in
368 1258 523 1345 analyticis
547 1256 583 1321 de
606 1256 827 1322 delinitionibus
851 1255 983 1320 nondum
1000 1257 1139 1342 explicita
1155 1258 1224 1332 sint,

216 1371 380 1460 disceptare
395 1374 468 1438 vult.
504 1374 605 1460 ltaque
629 1373 709 1437 haud
732 1376 804 1450 scio,
829 1395 866 1437 an
883 1372 974 1437 verba
990 1369 1043 1434 ἐπὶ
1059 1370 1096 1435 cs
1110 1370 1174 1434 cciv
1187 1409 1221 1426 -

214 1486 348 1574 ὕστερον
376 1487 431 1553 37³
461 1485 601 1553 17-20
634 1491 664 1552 in
694 1488 791 1554 lrontc
823 1509 886 1575 cap.
903 1487 958 1552 Xll
988 1487 1127 1573 ponenda
1155 1489 1223 1551 sint.

213 1605 330 1669 Partem
354 1616 450 1669 autern
475 1605 657 1688 interjectam
681 1619 693 1650 ἃ
717 1603 830 1667 20-1)
852 1602 882 1679 7,
908 1606 938 1665 in
962 1625 1020 1688 qua
1045 1607 1142 1689 capita
1166 1602 1226 1667 dis·

215 1722 377 1803 putationis
401 1719 504 1782 ordine
521 1719 650 1793 diverso,
673 1739 708 1782 ac
726 1721 756 1780 iu
772 1717 904 1802 pleniore
921 1719 1119 1802 expositione,
1145 1738 1225 1780 com·

214 1832 357 1919 prehendi
382 1845 481 1908 notes,
506 1845 610 1918 postea
633 1831 671 1897 ale
689 1833 742 1897 Ar.
759 1835 790 1896 in
813 1835 943 1920 margine
966 1832 1110 1917 adjectam
1135 1845 1163 1896 et
1186 1831 1223 1897 ab

215 1947 327 2014 editore
351 1948 458 2012 horum
481 1947 624 2014 librorum
647 1951 820 2036 importuno
844 1948 910 2013 loco
933 1952 1061 2034 positam
1082 1971 1145 2021 esse
1161 1970 1223 2014 cre-

215 2063 346 2132 diderim.
427 2079 429 2084 '
511 2137 513 2141 ⁸
794 2139 797 2144 ¹
985 2137 992 2155 ι

282 2178 382 2246 1038l’
401 2177 450 2244 12.
474 2181 560 2255 τίνος
582 2175 643 2243 οὖν
666 2173 758 2243 otiolo
773 2179 859 2242 τοῦτ’
875 2176 980 2256 donner
1003 2172 1100 2264 ἢγᾶρ
1117 2175 1224 2260 ἁπάν-

214 2315 278 2358 των
294 2297 314 2379 ἢ
332 2292 481 2368 οὐθενός.
512 2292 666 2360 ἁπάντων
684 2287 717 2358 δ’
729 2289 789 2374 οὐχ
806 2290 875 2358 older
886 2311 935 2358 τε·
953 2279 1023 2369 s‘vde
1041 2291 1072 2359 δ’
1086 2292 1222 2372 sidocus,

214 2413 269 2473 eccl
290 2402 395 2474 τᾶλλα
417 2407 503 2472 τοῦτ’
526 2406 627 2471 ἔσται·
665 2403 709 2472 ὧν
731 2404 795 2492 γὰρ
817 2413 876 2491 μία
898 2407 917 2493 ἢ
941 2406 1034 2475 οὐσία
1057 2416 1110 2474 καὶ
1133 2406 1169 2476 τὸ
1193 2413 1224 2473 cl

212 2521 253 2610 ἦν
274 2525 360 2589 εῖναι
386 2526 435 2600 ἓν,
464 2525 519 2588 eat
545 2518 627 2588 odaei
652 2524 696 2586 dv.
742 2522 882 2586 Extrema
910 2528 1125 2589 enunciationis
1153 2549 1223 2613 pars

213 2632 260 2705 de
273 2642 333 2723 plu
346 2634 410 2722 reip
427 2677 461 2692 -
478 2641 513 2702 ἔν
530 2641 696 2725 proximam
713 2639 886 2702 sententiam
911 2633 982 2712 ἑνός
998 2637 1029 2702 d’
1042 2639 1072 2701 sl
1084 2676 1118 2688 -
1135 2637 1224 2704 douae

213 2756 292 2821 haud
316 2777 464 2842 quaquam
487 2754 607 2839 probat.
649 2754 723 2818 Nam
747 2755 855 2828 thesis,
880 2754 1047 2818 universale
1071 2755 1221 2842 quoddam

213 2872 301 2934 unius
329 2873 371 2934 rei
399 2867 587 2954 praedicatae
615 2867 837 2931 substantialem
868 2880 1003 2950 naturam
1027 2892 1086 2932 non
1111 2871 1222 2957 signifi7

214 3003 288 3059 care,
306 2985 423 3048 minime
438 2982 572 3046 firmatur
588 3003 619 3046 ea
636 2983 870 3059 ratiocinatione,
888 3003 963 3068 quae
980 2984 1107 3069 plurium
1124 3005 1220 3050 rerum

213 3120 300 3164 unam
318 3092 375 3179 (adv
388 3102 448 3181 μὲν
461 3092 525 3181 γὰρ
539 3094 610 3181 plu)
630 3097 826 3162 substantiam
843 3120 1025 3163 communem
1043 3121 1105 3164 esse
1121 3102 1219 3164 sumit.

90 3269 95 3282 .
213 3213 272 3278 Sed
295 3237 381 3280 nemo
404 3237 464 3278 non
488 3214 615 3289 videbit,
646 3213 701 3276 hac
727 3218 981 3300 argumentatione
1005 3218 1115 3301 optimc
1139 3226 1221 3280 ante-

214 3325 346 3392 cedentia
367 3329 458 3393 verba
483 3325 648 3407 (ἁπάντων
665 3326 695 3392 d’
710 3321 771 3407 οὐχ
786 3326 855 3394 olo'o
868 3327 930 3410 π’)
955 3333 1087 3412 muniris
1117 3331 1219 3420 ltaque

213 3443 342 3528 trajectis
370 3442 469 3506 verbis
499 3442 652 3527 legendum
682 3466 744 3509 esse
774 3465 892 3508 censeo:
928 3440 1081 3508 ἁπάντων
1111 3444 1142 3507 d’
1160 3437 1221 3526 onix

213 3556 283 3622 olda
305 3572 354 3620 cs·
378 3551 424 3620 etv
444 3551 507 3640 reip
530 3558 589 3638 plu
605 3596 638 3608 -
655 3554 737 3623 calcei
754 3561 798 3622 ἓν.
831 3558 891 3623 Nec
907 3572 1003 3624 tamen
1019 3559 1118 3636 video,
1144 3580 1219 3646 quo-

213 3671 301 3739 modo
326 3675 445 3738 omnino
469 3674 621 3758 interjecta
637 3673 727 3739 verba
745 3669 960 3749 ἑνὸς-ἔσται
978 3675 1131 3762 quadrent.
1164 3675 1217 3739 Ar.

214 3793 288 3853 enim
316 3790 494 3856 universalia
523 3803 575 3854 aut
604 3792 733 3854 omnium
763 3813 874 3867 rerum,
905 3790 941 3855 de
971 3789 1079 3877 quibus
1102 3788 1219 3875 pr‘aedi·

214 3916 331 3982 centur,
360 3919 413 3986 aut
435 3905 547 3984 nutius,
566 3927 629 3970 esse
653 3904 834 3970 substantias
858 3896 1010 3975 statuerat.
1056 3905 1121 3970 dam
1150 3927 1216 3970 cum
