2962 4770
614 377 773 476 „es-

190 587 216 630 c.
235 561 275 628 lV
296 558 376 630 aaut
390 554 614 629 at-100025
638 556 789 644 quaestio,
818 577 888 622 uum
910 556 1057 642 principia
1080 556 1197 641 speciei,

189 691 226 746 an
248 678 427 745 numeralem
448 677 590 744 unitatem
607 672 749 751 habeant²
770 675 890 740 summis
906 671 1129 738 difficultatibus
1146 673 1198 735 im·

188 797 290 881 plicita
313 817 376 859 esse
399 793 565 860 videbatur.
612 788 643 856 ln
666 789 733 856 libri
749 792 792 852 A.
815 811 839 854 e.
854 788 917 852 Vlll
943 784 1198 854 1074231-39

190 892 313 977 numero
329 911 505 996 principium
521 929 666 973 summum
681 927 773 970 unum
791 927 864 980 esse,
882 905 993 990 quippe
1009 902 1090 988 quod
1110 915 1199 1002 mpte·
1222 958 1226 974 .,

190 1028 251 1089 riae
262 1027 389 1090 immune
401 1037 486 1099 esset,
501 1024 553 1088 Ar.
568 1023 656 1088 dense
669 1021 884 1089 demonstrasse
896 1018 984 1083 modo
998 1017 1137 1083 diximus.
1149 1018 1201 1092 ¹At

190 1153 224 1204 ut
245 1151 325 1207 recte
348 1139 405 1204 hoc
427 1106 598 1206 conclusum
623 1159 685 1202 esse
709 1134 914 1212 concedamus,
939 1156 997 1198 una
1019 1147 1116 1198 tamen
1133 1153 1200 1218 gra·
1262 1113 1264 1122 ’

192 1258 310 1321 vissima
340 1255 495 1320 difficultas
523 1257 561 1318 iu¹
581 1254 657 1319 libro
678 1258 719 1319 Β.
742 1264 822 1316 mota
852 1263 992 1324 remanet.
1037 1249 1097 1314 lllic
1124 1250 1200 1314 enim

190 1373 244 1434 Ar.
261 1373 394 1455 speciose
410 1370 559 1447 docuerat,
579 1366 807 1456 principiorum,
824 1369 850 1432 si
865 1364 1042 1430 numeralem
1059 1366 1201 1428 unitatem

190 1485 342 1562 haberent,
368 1488 565 1573 coguitionem
589 1486 662 1550 tolli.
698 1483 758 1550 Sed
781 1475 858 1548 lianc
880 1485 974 1567 ipsam
999 1479 1200 1545 difficultatem

191 1601 243 1665 Ar.
268 1602 297 1662 in
320 1599 388 1664 libri
411 1605 459 1664 M.
476 1624 500 1666 c.
517 1601 556 1676 X,
582 1599 771 1664 distinetione
794 1601 870 1662 iuter
892 1581 1101 1680 cognitionem,
1127 1615 1201 1681 quae

192 1725 261 1778 actu
284 1710 450 1797 (ἐνεργείᾳ)
475 1727 504 1778 et
527 1735 602 1800 quae
624 1715 758 1799 potentia
781 1705 944 1792 (δυνάμει)
967 1710 1027 1785 fiat,
1056 1711 1200 1785 instituta,

192 1830 359 1896 acutissime
388 1841 418 1892 et
443 1831 607 1890 uerissime
633 1829 771 1894 amolitus
794 1839 847 1890 est.
895 1825 973 1908 Quid
994 1824 1087 1910 igitur
1110 1826 1202 1910 magis

184 1917 231 2008 ⁸ere
252 1966 285 2008 rc
308 1936 371 2010 esse
387 1943 514 2021 videtur,
539 1966 627 2031 quam
651 1957 684 2008 ut
707 1917 778 2008 liaeo
802 1942 975 2027 disceptatio
993 1941 1132 2006 absoluto
1151 1942 1201 2024 ju·

192 2060 269 2126 dicio
293 2062 322 2122 in
342 2059 420 2136 libro
436 2064 479 2123 A.
493 2063 651 2146 proposito
666 2058 844 2146 praecedat?
867 2057 928 2122 Sed
944 2061 1029 2122 etiam
1046 2057 1202 2120 nonnullas

192 2175 403 2263 disputationis
426 2189 525 2262 partes
549 2176 617 2241 libri
632 2178 675 2237 A.
698 2197 735 2238 ex
759 2174 839 2238 iente
855 2173 997 2238 librorum
1014 2176 1108 2234 ΜΝ.
1126 2170 1203 2234 deri·

193 2291 336 2354 va'vcrim:
372 2288 502 2374 Sis-jam
525 2313 614 2377 supra
637 2293 667 2354 iu
691 2303 774 2376 parte
798 2291 898 2354 critica
920 2285 1149 2376 significavimus
1172 2289 1202 2350 in

193 2404 332 2470 universa
357 2403 562 2490 disquisitione
585 2406 603 2469 l.
620 2409 664 2469 A.
679 2429 703 2470 c.
719 2407 759 2469 lV
772 2419 801 2470 et
817 2405 844 2466 V
860 2407 1036 2480 examinari,
1061 2427 1131 2468 num
1155 2405 1203 2468 e'a-

193 2518 275 2596 dem,
305 2541 375 2589 num
404 2519 522 2586 diversa
550 2541 648 2586 rerum
676 2523 804 2599 omnium
828 2522 887 2586 siut
908 2521 1063 2605 principia.
1107 2519 1202 2605 aequi

193 2634 283 2720 hujus
306 2639 489 2724 quaestionis
503 2639 532 2702 in
548 2636 624 2702 libro
640 2641 682 2699 B.
695 2637 776 2702 nulla
791 2638 900 2701 mentio
917 2634 994 2700 iacta
1011 2633 1076 2711 luit,
1101 2655 1204 2721 quam·

143 2779 147 2794 ⁴
192 2755 237 2820 vis
265 2767 391 2840 cognata
420 2750 556 2840 quaestio
587 2752 623 2816 de
650 2755 802 2838 principiis
824 2775 922 2820 rerum
947 2752 1151 2837 corruptilium
1176 2763 1206 2814 et

194 2876 377 2930 aeternarum
390 2866 610 2950 diligentissime
620 2865 781 2950 disceptata
790 2868 838 2929 sit.
855 2865 908 2930 Sin
920 2869 986 2951 quis
997 2878 1094 2930 autem
1103 2865 1203 2950 paullo

195 2982 335 3052 attentius
365 2983 558 3066 posteriorem
588 2992 701 3065 partem
725 2980 743 3043 l.
760 2984 799 3044 N.
822 3003 846 3044 c.
863 2981 897 3046 lll
922 2957 1204 3046 108922-9022
1308 3063 1310 3067 ¹

193 3096 359 3183 perlegerit
384 3099 409 3160 is
432 3097 583 3182 intelliget,
609 3097 776 3182 condrio
801 3097 878 3162 libro
894 3100 937 3160 A.
960 3097 1037 3160 hane
1060 3117 1120 3160 rem
1145 3108 1203 3160 tam

196 3214 301 3276 acriter
324 3214 496 3278 excusserit.
542 3213 688 3276 Platonici
718 3215 793 3278 euim
822 3235 859 3278 ex
883 3213 1083 3278 solennitate
1109 3211 1205 3276 multi·

195 3322 326 3391 tudinem
354 3347 451 3388 rerum
481 3327 628 3411 explicare
652 3327 899 3414 desperauerunt,
931 3342 1083 3414 assumpta
1107 3340 1204 3394 autem

196 3438 309 3505 infinita
338 3438 480 3504 dualitate
508 3461 554 3505 res
585 3463 685 3508 omnes
715 3466 753 3508 ex
783 3445 935 3530 principiis
964 3446 1088 3508 unitatis
1117 3457 1205 3530 atque

196 3553 346 3622 dualitatis
369 3551 516 3622 deducere
538 3559 637 3622 conati
658 3553 766 3640 suut¹).
797 3558 851 3623 Ar.
868 3559 926 3624 illie
941 3558 999 3624 hoe
1016 3559 1108 3625 altero
1125 3560 1206 3645 pria·

197 3723 408 3736 m

223 3809 229 3824 ’
254 3821 274 3887 ¹)
298 3819 329 3876 cf.
342 3827 373 3876 A.
394 3838 414 3875 c.
427 3819 466 3874 lx
485 3819 549 3876 992⁸
562 3817 596 3876 18
615 3819 682 3882 ὅλως
698 3841 723 3875 rs
740 3819 767 3876 cd
785 3821 836 3876 cciv
846 3821 929 3878 ὄντων
940 3825 1022 3891 ζητεῖν
1038 3829 1152 3897 στοιχεῖα
1168 3826 1205 3898 μὴ

200 3917 340 3984 διελόντας,
358 3920 492 3991 πολλαχῶς
508 3922 665 3992 λεγομένων,
684 3919 815 3974 ἀδύνατον
831 3919 920 3991 εὑρεῖν
938 3960 983 3976 ...
