<?xml version="1.0" encoding="UTF-8"?>
<!DOCTYPE html PUBLIC "-//W3C//DTD XHTML 1.0 Transitional//EN"
    "http://www.w3.org/TR/xhtml1/DTD/xhtml1-transitional.dtd">
<html xmlns="http://www.w3.org/1999/xhtml" xml:lang="en" lang="en">
 <head>
  <title>
</title>
<meta http-equiv="Content-Type" content="text/html;charset=utf-8" />
  <meta name='ocr-system' content='tesseract 3.04.00' />
  <meta name='ocr-capabilities' content='ocr_page ocr_carea ocr_par ocr_line ocrx_word'/>
</head>
<body>
  <div class='ocr_page' id='page_1' title='image "./studiainaristot00chrigoog_0054.png"; bbox 0 0 2910 4778; ppageno 0'>
   <div class='ocr_carea' id='block_1_1' title="bbox 630 382 790 478">
    <p class='ocr_par' dir='ltr' id='par_1_1' title="bbox 630 382 790 478">
     <span class='ocr_line' id='line_1_1' title="bbox 630 382 790 478; baseline 0 -36"><span class='ocrx_word' id='word_1_1' title='bbox 630 382 790 478; x_wconf 47' lang='lat' dir='ltr'>A</span> 
     </span>
    </p>
   </div>
   <div class='ocr_carea' id='block_1_2' title="bbox 200 548 1235 3070">
    <p class='ocr_par' dir='ltr' id='par_1_2' title="bbox 204 548 1235 1454">
     <span class='ocr_line' id='line_1_2' title="bbox 207 548 1216 646; baseline -0.006 -20"><span class='ocrx_word' id='word_1_2' title='bbox 207 558 354 646; x_wconf 88' lang='lat' dir='ltr'><strong>sequitur:</strong></span> <span class='ocrx_word' id='word_1_3' title='bbox 379 557 467 644; x_wconf 88' lang='lat' dir='ltr'><strong>phys.</strong></span> <span class='ocrx_word' id='word_1_4' title='bbox 484 558 552 622; x_wconf 88' lang='lat' dir='ltr'><strong>min.</strong></span> <span class='ocrx_word' id='word_1_5' title='bbox 573 553 653 622; x_wconf 66' lang='lat'><strong>468⁵</strong></span> <span class='ocrx_word' id='word_1_6' title='bbox 673 555 698 621; x_wconf 63' lang='grc' dir='ltr'>Ἄ</span> <span class='ocrx_word' id='word_1_7' title='bbox 717 550 841 643; x_wconf 77' lang='grc' dir='ltr'><strong><em>ἀνάγκη</em></strong></span> <span class='ocrx_word' id='word_1_8' title='bbox 865 556 901 620; x_wconf 79' lang='grc' dir='ltr'><strong>δὲ</strong></span> <span class='ocrx_word' id='word_1_9' title='bbox 924 557 978 620; x_wconf 77' lang='grc' dir='ltr'><strong>καὶ</strong></span> <span class='ocrx_word' id='word_1_10' title='bbox 998 548 1058 640; x_wconf 73' lang='grc' dir='ltr'><strong>τὴν</strong></span> <span class='ocrx_word' id='word_1_11' title='bbox 1079 558 1216 642; x_wconf 70' lang='grc' dir='ltr'><strong><em>θρεπτι-</em></strong></span> 
     </span>
     <span class='ocr_line' id='line_1_3' title="bbox 205 656 1215 761; baseline -0.001 -23"><span class='ocrx_word' id='word_1_12' title='bbox 205 669 266 758; x_wconf 70' lang='grc' dir='ltr'><strong>κὴν</strong></span> <span class='ocrx_word' id='word_1_13' title='bbox 294 667 407 761; x_wconf 74' lang='grc' dir='ltr'><strong><em>ψυχὴν</em></strong></span> <span class='ocrx_word' id='word_1_14' title='bbox 437 656 589 757; x_wconf 63' lang='grc' dir='ltr'><strong><em>ένερνεέη</em></strong></span> <span class='ocrx_word' id='word_1_15' title='bbox 611 661 672 756; x_wconf 78' lang='grc' dir='ltr'><strong>μὲν</strong></span> <span class='ocrx_word' id='word_1_16' title='bbox 699 670 736 737; x_wconf 76' lang='grc' dir='ltr'><strong>ἐν</strong></span> <span class='ocrx_word' id='word_1_17' title='bbox 764 683 831 746; x_wconf 73' lang='grc' dir='ltr'><strong><em>τοῖς</em></strong></span> <span class='ocrx_word' id='word_1_18' title='bbox 859 669 987 753; x_wconf 80' lang='grc' dir='ltr'><strong><em>ἔχουσιν</em></strong></span> <span class='ocrx_word' id='word_1_19' title='bbox 1014 673 1099 737; x_wconf 76' lang='grc' dir='ltr'><strong><em>εἶναι</em></strong></span> <span class='ocrx_word' id='word_1_20' title='bbox 1126 677 1215 755; x_wconf 78' lang='grc' dir='ltr'><strong><em>μίαν,</em></strong></span> 
     </span>
     <span class='ocr_line' id='line_1_4' title="bbox 207 781 1216 880; baseline 0 -28"><span class='ocrx_word' id='word_1_21' title='bbox 207 789 342 872; x_wconf 80' lang='grc' dir='ltr'><em>δυνάμει</em></span> <span class='ocrx_word' id='word_1_22' title='bbox 380 788 416 852; x_wconf 77' lang='grc' dir='ltr'><strong>δὲ</strong></span> <span class='ocrx_word' id='word_1_23' title='bbox 450 786 588 862; x_wconf 80' lang='grc' dir='ltr'><strong><em>πλείους.</em></strong></span> <span class='ocrx_word' id='word_1_24' title='bbox 634 781 752 880; x_wconf 78' lang='grc' dir='ltr'><strong><em>ὁμοίως</em></strong></span> <span class='ocrx_word' id='word_1_25' title='bbox 786 787 823 852; x_wconf 76' lang='grc' dir='ltr'><strong>δὲ</strong></span> <span class='ocrx_word' id='word_1_26' title='bbox 852 791 907 851; x_wconf 73' lang='grc' dir='ltr'><strong>καὶ</strong></span> <span class='ocrx_word' id='word_1_27' title='bbox 936 781 995 871; x_wconf 75' lang='grc' dir='ltr'><strong>την</strong></span> <span class='ocrx_word' id='word_1_28' title='bbox 1023 783 1216 872; x_wconf 72' lang='grc' dir='ltr'><strong><em>αϊσθητικῆν</em></strong></span> 
     </span>
     <span class='ocr_line' id='line_1_5' title="bbox 205 896 1216 1000; baseline 0.003 -32"><span class='ocrx_word' id='word_1_29' title='bbox 205 896 319 1000; x_wconf 75' lang='grc' dir='ltr'><strong><em>οήχήν.</em></strong></span> <span class='ocrx_word' id='word_1_30' title='bbox 352 903 470 970; x_wconf 82' lang='lat' dir='ltr'><strong>Aretam</strong></span> <span class='ocrx_word' id='word_1_31' title='bbox 496 906 630 990; x_wconf 85' lang='lat' dir='ltr'><strong>eorporis</strong></span> <span class='ocrx_word' id='word_1_32' title='bbox 653 917 682 970; x_wconf 90' lang='lat' dir='ltr'><strong>et</strong></span> <span class='ocrx_word' id='word_1_33' title='bbox 705 908 817 983; x_wconf 87' lang='lat' dir='ltr'><strong>animae</strong></span> <span class='ocrx_word' id='word_1_34' title='bbox 833 907 961 991; x_wconf 80' lang='lat' dir='ltr'><strong>partium</strong></span> <span class='ocrx_word' id='word_1_35' title='bbox 979 904 1216 987; x_wconf 83' lang='lat' dir='ltr'><strong>conjunctionem</strong></span> 
     </span>
     <span class='ocr_line' id='line_1_6' title="bbox 206 1019 1216 1108; baseline 0 -24"><span class='ocrx_word' id='word_1_36' title='bbox 206 1021 254 1085; x_wconf 91' lang='lat' dir='ltr'><strong>hie</strong></span> <span class='ocrx_word' id='word_1_37' title='bbox 284 1042 403 1108; x_wconf 88' lang='lat' dir='ltr'><strong>quoque</strong></span> <span class='ocrx_word' id='word_1_38' title='bbox 433 1034 534 1099; x_wconf 81' lang='lat' dir='ltr'><strong>notes3</strong></span> <span class='ocrx_word' id='word_1_39' title='bbox 563 1033 599 1084; x_wconf 90' lang='lat' dir='ltr'><strong>ut</strong></span> <span class='ocrx_word' id='word_1_40' title='bbox 627 1041 736 1107; x_wconf 87' lang='lat' dir='ltr'><strong>eorpus</strong></span> <span class='ocrx_word' id='word_1_41' title='bbox 766 1023 841 1086; x_wconf 89' lang='lat' dir='ltr'><strong>enirn</strong></span> <span class='ocrx_word' id='word_1_42' title='bbox 865 1020 910 1084; x_wconf 90' lang='lat' dir='ltr'><strong>his</strong></span> <span class='ocrx_word' id='word_1_43' title='bbox 933 1023 963 1082; x_wconf 91' lang='lat' dir='ltr'><strong>in</strong></span> <span class='ocrx_word' id='word_1_44' title='bbox 986 1019 1162 1084; x_wconf 76' lang='lat' dir='ltr'><strong>animalibus</strong></span> <span class='ocrx_word' id='word_1_45' title='bbox 1185 1023 1216 1084; x_wconf 92' lang='lat' dir='ltr'><strong>in</strong></span> 
     </span>
     <span class='ocr_line' id='line_1_7' title="bbox 204 1133 1235 1223; baseline 0.001 -23"><span class='ocrx_word' id='word_1_46' title='bbox 204 1137 310 1200; x_wconf 88' lang='lat' dir='ltr'><strong>multas</strong></span> <span class='ocrx_word' id='word_1_47' title='bbox 335 1150 434 1223; x_wconf 87' lang='lat' dir='ltr'><strong>partes</strong></span> <span class='ocrx_word' id='word_1_48' title='bbox 457 1159 512 1223; x_wconf 89' lang='lat' dir='ltr'><strong>per</strong></span> <span class='ocrx_word' id='word_1_49' title='bbox 535 1159 565 1200; x_wconf 90' lang='lat' dir='ltr'><strong>se</strong></span> <span class='ocrx_word' id='word_1_50' title='bbox 585 1139 743 1203; x_wconf 80' lang='lat' dir='ltr'><strong>existentes</strong></span> <span class='ocrx_word' id='word_1_51' title='bbox 761 1135 899 1214; x_wconf 82' lang='lat' dir='ltr'><strong>discedit,</strong></span> <span class='ocrx_word' id='word_1_52' title='bbox 925 1139 968 1200; x_wconf 87' lang='lat' dir='ltr'><strong>sie</strong></span> <span class='ocrx_word' id='word_1_53' title='bbox 983 1139 1079 1200; x_wconf 86' lang='lat' dir='ltr'><strong>anima</strong></span> <span class='ocrx_word' id='word_1_54' title='bbox 1095 1133 1235 1222; x_wconf 78' lang='lat' dir='ltr'><strong>quoque&#39;</strong></span> 
     </span>
     <span class='ocr_line' id='line_1_8' title="bbox 204 1250 1215 1340; baseline -0.001 -25"><span class='ocrx_word' id='word_1_55' title='bbox 204 1254 234 1316; x_wconf 94' lang='lat' dir='ltr'><strong>in</strong></span> <span class='ocrx_word' id='word_1_56' title='bbox 263 1253 362 1338; x_wconf 88' lang='lat' dir='ltr'><strong>piures</strong></span> <span class='ocrx_word' id='word_1_57' title='bbox 392 1266 492 1340; x_wconf 86' lang='lat' dir='ltr'><strong>partes</strong></span> <span class='ocrx_word' id='word_1_58' title='bbox 522 1253 670 1338; x_wconf 87' lang='lat' dir='ltr'><strong>sejdnetas</strong></span> <span class='ocrx_word' id='word_1_59' title='bbox 700 1252 778 1330; x_wconf 89' lang='lat' dir='ltr'><strong>abit;</strong></span> <span class='ocrx_word' id='word_1_60' title='bbox 809 1251 844 1316; x_wconf 81' lang='lat' dir='ltr'><strong>ei.</strong></span> <span class='ocrx_word' id='word_1_61' title='bbox 870 1250 905 1316; x_wconf 86' lang='lat' dir='ltr'><strong>de</strong></span> <span class='ocrx_word' id='word_1_62' title='bbox 935 1254 1013 1316; x_wconf 88' lang='lat' dir='ltr'><strong>omni</strong></span> <span class='ocrx_word' id='word_1_63' title='bbox 1042 1251 1097 1316; x_wconf 85' lang='lat' dir='ltr'><strong>hae</strong></span> <span class='ocrx_word' id='word_1_64' title='bbox 1124 1251 1215 1316; x_wconf 91' lang='lat' dir='ltr'><strong>rede</strong></span> 
     </span>
     <span class='ocr_line' id='line_1_9' title="bbox 206 1366 871 1454; baseline 0 -24"><span class='ocrx_word' id='word_1_65' title='bbox 206 1388 252 1431; x_wconf 88' lang='lat' dir='ltr'><strong>an.</strong></span> <span class='ocrx_word' id='word_1_66' title='bbox 276 1366 358 1432; x_wconf 59' lang='lat'><strong>411³</strong></span> <span class='ocrx_word' id='word_1_67' title='bbox 377 1366 417 1433; x_wconf 82' lang='lat'><strong>19</strong></span> <span class='ocrx_word' id='word_1_68' title='bbox 442 1381 471 1433; x_wconf 88' lang='lat' dir='ltr'><strong>et</strong></span> <span class='ocrx_word' id='word_1_69' title='bbox 495 1368 740 1454; x_wconf 79' lang='lat' dir='ltr'><strong>Trendelenburg</strong></span> <span class='ocrx_word' id='word_1_70' title='bbox 763 1391 788 1432; x_wconf 90' lang='lat' dir='ltr'><strong>a.</strong></span> <span class='ocrx_word' id='word_1_71' title='bbox 806 1367 836 1433; x_wconf 91' lang='lat' dir='ltr'><strong>h.</strong></span> <span class='ocrx_word' id='word_1_72' title='bbox 853 1368 871 1433; x_wconf 93' lang='grc' dir='ltr'><strong>Ι.</strong></span> 
     </span>
    </p>

    <p class='ocr_par' dir='ltr' id='par_1_3' title="bbox 200 1477 1215 3070">
     <span class='ocr_line' id='line_1_10' title="bbox 273 1477 1215 1568; baseline -0.001 -21"><span class='ocrx_word' id='word_1_73' title='bbox 273 1480 371 1547; x_wconf 75' lang='lat'>1041³</span> <span class='ocrx_word' id='word_1_74' title='bbox 391 1484 439 1550; x_wconf 86' lang='lat'><strong>12.</strong></span> <span class='ocrx_word' id='word_1_75' title='bbox 464 1479 499 1549; x_wconf 79' lang='lat' dir='ltr'><strong>ed</strong></span> <span class='ocrx_word' id='word_1_76' title='bbox 523 1479 586 1568; x_wconf 72' lang='grc' dir='ltr'><strong>γὰρ</strong></span> <span class='ocrx_word' id='word_1_77' title='bbox 611 1481 718 1568; x_wconf 73' lang='grc' dir='ltr'><strong><em>ζητεῖν·</em></strong></span> <span class='ocrx_word' id='word_1_78' title='bbox 737 1478 793 1547; x_wconf 75' lang='grc' dir='ltr'><strong>διὰ</strong></span> <span class='ocrx_word' id='word_1_79' title='bbox 815 1486 846 1546; x_wconf 82' lang='grc' dir='ltr'><strong>τέ</strong></span> <span class='ocrx_word' id='word_1_80' title='bbox 867 1477 1055 1563; x_wconf 79' lang='grc' dir='ltr'><strong><em>ὁμονσικὸς</em></strong></span> <span class='ocrx_word' id='word_1_81' title='bbox 1077 1477 1215 1568; x_wconf 70' lang='grc' dir='ltr'><strong><em>ἄνθρω-</em></strong></span> 
     </span>
     <span class='ocr_line' id='line_1_11' title="bbox 202 1593 1215 1685; baseline 0.001 -23"><span class='ocrx_word' id='word_1_82' title='bbox 202 1618 262 1672; x_wconf 86' lang='grc' dir='ltr'><strong>πος</strong></span> <span class='ocrx_word' id='word_1_83' title='bbox 292 1593 473 1685; x_wconf 80' lang='grc' dir='ltr'><strong><em>ἄνθρωπος</em></strong></span> <span class='ocrx_word' id='word_1_84' title='bbox 501 1599 652 1682; x_wconf 72' lang='grc' dir='ltr'><strong><em>μουσιιηές</em></strong></span> <span class='ocrx_word' id='word_1_85' title='bbox 681 1598 781 1674; x_wconf 76' lang='grc' dir='ltr'><strong><em>ἔστιν,</em></strong></span> <span class='ocrx_word' id='word_1_86' title='bbox 810 1597 881 1682; x_wconf 80' lang='grc' dir='ltr'><strong><em>ἥτοι</em></strong></span> <span class='ocrx_word' id='word_1_87' title='bbox 902 1596 967 1662; x_wconf 75' lang='grc' dir='ltr'><strong><em>ἐστὶ</em></strong></span> <span class='ocrx_word' id='word_1_88' title='bbox 989 1593 1024 1662; x_wconf 84' lang='grc' dir='ltr'><strong>τὰ</strong></span> <span class='ocrx_word' id='word_1_89' title='bbox 1049 1598 1215 1682; x_wconf 73' lang='grc' dir='ltr'><strong><em>εἰρημένον</em></strong></span> 
     </span>
     <span class='ocr_line' id='line_1_12' title="bbox 205 1701 1214 1799; baseline 0.001 -24"><span class='ocrx_word' id='word_1_90' title='bbox 205 1711 306 1796; x_wconf 68' lang='grc' dir='ltr'><strong><em>ζητεῖν</em></strong></span> <span class='ocrx_word' id='word_1_91' title='bbox 330 1711 387 1779; x_wconf 78' lang='lat' dir='ltr'><strong>ded</strong></span> <span class='ocrx_word' id='word_1_92' title='bbox 409 1717 439 1778; x_wconf 83' lang='grc' dir='ltr'><strong>τέ</strong></span> <span class='ocrx_word' id='word_1_93' title='bbox 461 1701 677 1799; x_wconf 62' lang='grc' dir='ltr'><strong><em>ὁᾶνθροιπος</em></strong></span> <span class='ocrx_word' id='word_1_94' title='bbox 691 1713 842 1797; x_wconf 84' lang='grc' dir='ltr'><strong><em>μουσικός</em></strong></span> <span class='ocrx_word' id='word_1_95' title='bbox 857 1711 952 1787; x_wconf 76' lang='grc' dir='ltr'><strong><em>ἐστιν,</em></strong></span> <span class='ocrx_word' id='word_1_96' title='bbox 974 1709 1102 1796; x_wconf 59' lang='lat' dir='ltr'><strong>detto:</strong></span> <span class='ocrx_word' id='word_1_97' title='bbox 1131 1713 1214 1794; x_wconf 76' lang='lat' dir='ltr'><strong>Quae</strong></span> 
     </span>
     <span class='ocr_line' id='line_1_13' title="bbox 203 1827 1215 1916; baseline 0.002 -24"><span class='ocrx_word' id='word_1_98' title='bbox 203 1827 363 1894; x_wconf 79' lang='lat' dir='ltr'><strong>difficultas</strong></span> <span class='ocrx_word' id='word_1_99' title='bbox 386 1830 432 1894; x_wconf 88' lang='lat' dir='ltr'><strong>bis</strong></span> <span class='ocrx_word' id='word_1_100' title='bbox 449 1830 547 1894; x_wconf 83' lang='lat' dir='ltr'><strong>verbis</strong></span> <span class='ocrx_word' id='word_1_101' title='bbox 570 1833 640 1894; x_wconf 91' lang='lat' dir='ltr'><strong>insit</strong></span> <span class='ocrx_word' id='word_1_102' title='bbox 663 1831 808 1916; x_wconf 74' lang='lat' dir='ltr'><strong>sagaciter</strong></span> <span class='ocrx_word' id='word_1_103' title='bbox 824 1830 975 1914; x_wconf 83' lang='lat' dir='ltr'><strong>perspexit</strong></span> <span class='ocrx_word' id='word_1_104' title='bbox 991 1828 1161 1904; x_wconf 88' lang='lat' dir='ltr'><strong>Bonitzius,</strong></span> <span class='ocrx_word' id='word_1_105' title='bbox 1185 1841 1215 1894; x_wconf 90' lang='lat' dir='ltr'><strong>et</strong></span> 
     </span>
     <span class='ocr_line' id='line_1_14' title="bbox 205 1939 1214 2032; baseline -0.002 -22"><span class='ocrx_word' id='word_1_106' title='bbox 205 1945 325 2010; x_wconf 79' lang='lat' dir='ltr'><strong>alteram</strong></span> <span class='ocrx_word' id='word_1_107' title='bbox 357 1959 471 2032; x_wconf 88' lang='lat' dir='ltr'><strong>partem</strong></span> <span class='ocrx_word' id='word_1_108' title='bbox 500 1949 541 2011; x_wconf 90' lang='lat' dir='ltr'><strong>ita</strong></span> <span class='ocrx_word' id='word_1_109' title='bbox 571 1945 753 2022; x_wconf 86' lang='lat' dir='ltr'><strong>emendavit,</strong></span> <span class='ocrx_word' id='word_1_110' title='bbox 785 1939 856 2028; x_wconf 78' lang='grc' dir='ltr'><strong><em>ἤτοι</em></strong></span> <span class='ocrx_word' id='word_1_111' title='bbox 884 1943 949 2008; x_wconf 77' lang='grc' dir='ltr'><strong><em>ἐστὶ</em></strong></span> <span class='ocrx_word' id='word_1_112' title='bbox 972 1939 1007 2006; x_wconf 80' lang='grc' dir='ltr'><strong>τὸ</strong></span> <span class='ocrx_word' id='word_1_113' title='bbox 1031 1944 1087 2029; x_wconf 81' lang='grc' dir='ltr'><strong><em>εῑρ.</em></strong></span> <span class='ocrx_word' id='word_1_114' title='bbox 1112 1943 1214 2027; x_wconf 70' lang='grc' dir='ltr'><strong><em>ζητεῖν</em></strong></span> 
     </span>
     <span class='ocr_line' id='line_1_15' title="bbox 204 2055 1213 2147; baseline -0.001 -23"><span class='ocrx_word' id='word_1_115' title='bbox 204 2057 259 2125; x_wconf 78' lang='lat' dir='ltr'><strong>ded</strong></span> <span class='ocrx_word' id='word_1_116' title='bbox 283 2065 315 2126; x_wconf 80' lang='lat' dir='ltr'><strong>ai</strong></span> <span class='ocrx_word' id='word_1_117' title='bbox 336 2057 354 2126; x_wconf 85' lang='grc' dir='ltr'>ὁ</span> <span class='ocrx_word' id='word_1_118' title='bbox 377 2056 460 2126; x_wconf 80' lang='grc' dir='ltr'><strong><em>ἄνθ.</em></strong></span> <span class='ocrx_word' id='word_1_119' title='bbox 482 2077 574 2147; x_wconf 72' lang='lat' dir='ltr'><strong>uere.</strong></span> <span class='ocrx_word' id='word_1_120' title='bbox 597 2057 778 2146; x_wconf 72' lang='grc' dir='ltr'><strong><em>ἄνθρωπος</em></strong></span> <span class='ocrx_word' id='word_1_121' title='bbox 800 2061 951 2143; x_wconf 81' lang='grc' dir='ltr'><strong><em>μουσικός</em></strong></span> <span class='ocrx_word' id='word_1_122' title='bbox 973 2058 1058 2124; x_wconf 85' lang='grc' dir='ltr'><strong><em>έστιν</em></strong></span> <span class='ocrx_word' id='word_1_123' title='bbox 1080 2061 1099 2143; x_wconf 81' lang='grc' dir='ltr'><em>ἢ</em></span> <span class='ocrx_word' id='word_1_124' title='bbox 1119 2055 1213 2123; x_wconf 78' lang='grc' dir='ltr'><strong><em>ἄλλο.</em></strong></span> 
     </span>
     <span class='ocr_line' id='line_1_16' title="bbox 202 2160 1211 2264; baseline -0.006 -22"><span class='ocrx_word' id='word_1_125' title='bbox 202 2175 261 2242; x_wconf 89' lang='lat' dir='ltr'><strong>Sed</strong></span> <span class='ocrx_word' id='word_1_126' title='bbox 292 2180 317 2241; x_wconf 88' lang='lat' dir='ltr'><strong>si</strong></span> <span class='ocrx_word' id='word_1_127' title='bbox 347 2179 384 2243; x_wconf 87' lang='lat' dir='ltr'><strong>ad</strong></span> <span class='ocrx_word' id='word_1_128' title='bbox 409 2181 594 2264; x_wconf 83' lang='lat' dir='ltr'><strong>conjecturas</strong></span> <span class='ocrx_word' id='word_1_129' title='bbox 619 2176 848 2262; x_wconf 75' lang='lat' dir='ltr'><strong>confugiendum</strong></span> <span class='ocrx_word' id='word_1_130' title='bbox 872 2188 930 2251; x_wconf 88' lang='lat' dir='ltr'><strong>est,</strong></span> <span class='ocrx_word' id='word_1_131' title='bbox 962 2175 1096 2261; x_wconf 86' lang='lat' dir='ltr'><strong>equidem</strong></span> <span class='ocrx_word' id='word_1_132' title='bbox 1121 2160 1211 2237; x_wconf 76' lang='lat' dir='ltr'><strong>main:</strong></span> 
     </span>
     <span class='ocr_line' id='line_1_17' title="bbox 201 2284 1214 2378; baseline 0 -26"><span class='ocrx_word' id='word_1_133' title='bbox 201 2285 237 2352; x_wconf 80' lang='grc' dir='ltr'><strong>τὸ</strong></span> <span class='ocrx_word' id='word_1_134' title='bbox 266 2287 329 2372; x_wconf 78' lang='grc' dir='ltr'><strong>γὰρ</strong></span> <span class='ocrx_word' id='word_1_135' title='bbox 354 2291 377 2364; x_wconf 88' lang='grc' dir='ltr'><strong>ζ.</strong></span> <span class='ocrx_word' id='word_1_136' title='bbox 401 2292 431 2357; x_wconf 89' lang='lat' dir='ltr'><strong>d.</strong></span> <span class='ocrx_word' id='word_1_137' title='bbox 453 2317 480 2357; x_wconf 88' lang='grc' dir='ltr'><strong>τ.</strong></span> <span class='ocrx_word' id='word_1_138' title='bbox 503 2291 521 2357; x_wconf 85' lang='lat' dir='ltr'><strong>d</strong></span> <span class='ocrx_word' id='word_1_139' title='bbox 545 2289 725 2378; x_wconf 75' lang='grc' dir='ltr'><strong><em>ἅνθρωπος</em></strong></span> <span class='ocrx_word' id='word_1_140' title='bbox 752 2290 903 2374; x_wconf 81' lang='grc' dir='ltr'><strong><em>μουσικός</em></strong></span> <span class='ocrx_word' id='word_1_141' title='bbox 932 2289 1026 2365; x_wconf 73' lang='grc' dir='ltr'><strong><em>ἐστιν,</em></strong></span> <span class='ocrx_word' id='word_1_142' title='bbox 1054 2284 1126 2374; x_wconf 80' lang='grc' dir='ltr'><strong><em>ἤτοι</em></strong></span> <span class='ocrx_word' id='word_1_143' title='bbox 1148 2287 1214 2354; x_wconf 71' lang='grc' dir='ltr'><strong><em>ἐστὶ</em></strong></span> 
     </span>
     <span class='ocr_line' id='line_1_18' title="bbox 201 2397 1213 2489; baseline 0.005 -24"><span class='ocrx_word' id='word_1_144' title='bbox 201 2397 238 2465; x_wconf 76' lang='grc' dir='ltr'><strong>τὸ</strong></span> <span class='ocrx_word' id='word_1_145' title='bbox 262 2403 427 2487; x_wconf 69' lang='grc' dir='ltr'><strong><em>εἰρημένον</em></strong></span> <span class='ocrx_word' id='word_1_146' title='bbox 457 2405 558 2488; x_wconf 71' lang='grc' dir='ltr'><strong><em>ζητεῖν</em></strong></span> <span class='ocrx_word' id='word_1_147' title='bbox 587 2404 642 2471; x_wconf 76' lang='grc' dir='ltr'><strong>διὰ</strong></span> <span class='ocrx_word' id='word_1_148' title='bbox 671 2410 701 2470; x_wconf 81' lang='grc' dir='ltr'><strong>τί</strong></span> <span class='ocrx_word' id='word_1_149' title='bbox 723 2405 741 2470; x_wconf 83' lang='grc' dir='ltr'><strong>ὁ</strong></span> <span class='ocrx_word' id='word_1_150' title='bbox 765 2404 845 2471; x_wconf 77' lang='grc' dir='ltr'><strong><em>ἄνθ.</em></strong></span> <span class='ocrx_word' id='word_1_151' title='bbox 859 2423 952 2488; x_wconf 74' lang='lat' dir='ltr'><strong>unum</strong></span> <span class='ocrx_word' id='word_1_152' title='bbox 966 2405 1046 2471; x_wconf 71' lang='grc' dir='ltr'><strong><em>ἄνθ.</em></strong></span> <span class='ocrx_word' id='word_1_153' title='bbox 1059 2403 1213 2489; x_wconf 80' lang='grc' dir='ltr'><strong><em>μουσικός</em></strong></span> 
     </span>
     <span class='ocr_line' id='line_1_19' title="bbox 201 2515 1212 2608; baseline 0.003 -27"><span class='ocrx_word' id='word_1_154' title='bbox 201 2515 286 2584; x_wconf 75' lang='grc' dir='ltr'><strong><em>ἔστιν</em></strong></span> <span class='ocrx_word' id='word_1_155' title='bbox 315 2516 352 2602; x_wconf 86' lang='lat' dir='ltr'><strong>(i.</strong></span> <span class='ocrx_word' id='word_1_156' title='bbox 370 2544 394 2587; x_wconf 84' lang='lat' dir='ltr'><strong>e.</strong></span> <span class='ocrx_word' id='word_1_157' title='bbox 420 2541 565 2608; x_wconf 80' lang='lat' dir='ltr'><strong>quaerere</strong></span> <span class='ocrx_word' id='word_1_158' title='bbox 585 2521 614 2585; x_wconf 88' lang='lat' dir='ltr'><strong>id</strong></span> <span class='ocrx_word' id='word_1_159' title='bbox 638 2525 750 2608; x_wconf 88' lang='lat' dir='ltr'><strong>ipsum,</strong></span> <span class='ocrx_word' id='word_1_160' title='bbox 783 2522 864 2608; x_wconf 90' lang='lat' dir='ltr'><strong>quod</strong></span> <span class='ocrx_word' id='word_1_161' title='bbox 895 2521 1005 2584; x_wconf 90' lang='lat' dir='ltr'><strong>dietum</strong></span> <span class='ocrx_word' id='word_1_162' title='bbox 1032 2533 1095 2584; x_wconf 89' lang='lat' dir='ltr'><strong>erat</strong></span> <span class='ocrx_word' id='word_1_163' title='bbox 1118 2517 1212 2601; x_wconf 73' lang='grc' dir='ltr'><strong><em>[ἄνθ.</em></strong></span> 
     </span>
     <span class='ocr_line' id='line_1_20' title="bbox 200 2632 1211 2719; baseline 0 -19"><span class='ocrx_word' id='word_1_164' title='bbox 200 2632 303 2719; x_wconf 72' lang='lat' dir='ltr'><strong>uuum]</strong></span> <span class='ocrx_word' id='word_1_165' title='bbox 332 2639 484 2713; x_wconf 88' lang='lat' dir='ltr'><strong>nimirum,</strong></span> <span class='ocrx_word' id='word_1_166' title='bbox 516 2659 586 2702; x_wconf 91' lang='lat' dir='ltr'><strong>num</strong></span> <span class='ocrx_word' id='word_1_167' title='bbox 616 2637 705 2701; x_wconf 88' lang='lat' dir='ltr'><strong>homo</strong></span> <span class='ocrx_word' id='word_1_168' title='bbox 735 2639 865 2701; x_wconf 82' lang='lat' dir='ltr'><strong>musicus</strong></span> <span class='ocrx_word' id='word_1_169' title='bbox 894 2639 933 2701; x_wconf 87' lang='lat' dir='ltr'><strong>sit</strong></span> <span class='ocrx_word' id='word_1_170' title='bbox 955 2636 1045 2716; x_wconf 72' lang='lat' dir='ltr'><strong>hemo</strong></span> <span class='ocrx_word' id='word_1_171' title='bbox 1069 2635 1211 2718; x_wconf 81' lang='lat' dir='ltr'><strong>musicus)</strong></span> 
     </span>
     <span class='ocr_line' id='line_1_21' title="bbox 200 2747 1211 2841; baseline 0.001 -25"><span class='ocrx_word' id='word_1_172' title='bbox 200 2747 318 2836; x_wconf 77' lang='grc' dir='ltr'><strong><em>ἢᾶλλο</em></strong></span> <span class='ocrx_word' id='word_1_173' title='bbox 341 2749 373 2833; x_wconf 84' lang='lat' dir='ltr'><strong>(i.</strong></span> <span class='ocrx_word' id='word_1_174' title='bbox 391 2777 415 2818; x_wconf 91' lang='lat' dir='ltr'><strong>e.</strong></span> <span class='ocrx_word' id='word_1_175' title='bbox 442 2777 582 2841; x_wconf 89' lang='lat' dir='ltr'><strong>quaerere</strong></span> <span class='ocrx_word' id='word_1_176' title='bbox 607 2776 659 2818; x_wconf 86' lang='lat' dir='ltr'><strong>eur</strong></span> <span class='ocrx_word' id='word_1_177' title='bbox 683 2753 817 2818; x_wconf 81' lang='lat' dir='ltr'><strong>enuidens</strong></span> <span class='ocrx_word' id='word_1_178' title='bbox 840 2752 912 2817; x_wconf 85' lang='lat' dir='ltr'><strong>iliud</strong></span> <span class='ocrx_word' id='word_1_179' title='bbox 939 2747 1129 2836; x_wconf 63' lang='lat' dir='ltr'><strong>»massada«</strong></span> <span class='ocrx_word' id='word_1_180' title='bbox 1156 2754 1211 2817; x_wconf 91' lang='lat' dir='ltr'><strong>ho·</strong></span> 
     </span>
     <span class='ocr_line' id='line_1_22' title="bbox 200 2865 1210 2952; baseline 0.007 -26"><span class='ocrx_word' id='word_1_181' title='bbox 200 2869 271 2928; x_wconf 93' lang='lat' dir='ltr'><strong>mini</strong></span> <span class='ocrx_word' id='word_1_182' title='bbox 292 2865 463 2948; x_wconf 85' lang='lat' dir='ltr'><strong>inhaereat).</strong></span> <span class='ocrx_word' id='word_1_183' title='bbox 512 2868 683 2933; x_wconf 83' lang='lat' dir='ltr'><strong>Generaiiur</strong></span> <span class='ocrx_word' id='word_1_184' title='bbox 706 2872 782 2932; x_wconf 91' lang='lat' dir='ltr'><strong>enim</strong></span> <span class='ocrx_word' id='word_1_185' title='bbox 809 2870 953 2930; x_wconf 87' lang='lat' dir='ltr'><strong>sententia</strong></span> <span class='ocrx_word' id='word_1_186' title='bbox 977 2871 1089 2952; x_wconf 89' lang='lat' dir='ltr'><strong>praeire</strong></span> <span class='ocrx_word' id='word_1_187' title='bbox 1113 2868 1210 2947; x_wconf 86' lang='lat' dir='ltr'><strong>debet,</strong></span> 
     </span>
     <span class='ocr_line' id='line_1_23' title="bbox 201 2971 1209 3070; baseline 0.006 -26"><span class='ocrx_word' id='word_1_188' title='bbox 201 3000 277 3067; x_wconf 80' lang='lat' dir='ltr'><strong>quae</strong></span> <span class='ocrx_word' id='word_1_189' title='bbox 301 2979 354 3045; x_wconf 89' lang='lat' dir='ltr'><strong>has</strong></span> <span class='ocrx_word' id='word_1_190' title='bbox 378 2981 451 3045; x_wconf 87' lang='lat' dir='ltr'><strong>duas</strong></span> <span class='ocrx_word' id='word_1_191' title='bbox 474 2995 573 3070; x_wconf 85' lang='lat' dir='ltr'><strong>partes</strong></span> <span class='ocrx_word' id='word_1_192' title='bbox 598 2983 746 3046; x_wconf 85' lang='lat' dir='ltr'><strong>involutas</strong></span> <span class='ocrx_word' id='word_1_193' title='bbox 766 2971 893 3059; x_wconf 50' lang='lat' dir='ltr'><strong>&#39;habeat3</strong></span> <span class='ocrx_word' id='word_1_194' title='bbox 919 3004 1005 3068; x_wconf 89' lang='lat' dir='ltr'><strong>quam</strong></span> <span class='ocrx_word' id='word_1_195' title='bbox 1031 2983 1070 3048; x_wconf 89' lang='lat' dir='ltr'><strong>nb</strong></span> <span class='ocrx_word' id='word_1_196' title='bbox 1091 3006 1209 3050; x_wconf 86' lang='lat' dir='ltr'><strong>eausam</strong></span> 
     </span>
    </p>
   </div>
   <div class='ocr_carea' id='block_1_3' title="bbox 200 3098 1209 3185">
    <p class='ocr_par' dir='ltr' id='par_1_4' title="bbox 200 3098 1209 3185">
     <span class='ocr_line' id='line_1_24' title="bbox 200 3098 1209 3185; baseline 0.005 -25"><span class='ocrx_word' id='word_1_197' title='bbox 200 3118 381 3162; x_wconf 80' lang='lat' dir='ltr'><strong>communem</strong></span> <span class='ocrx_word' id='word_1_198' title='bbox 395 3101 597 3185; x_wconf 86' lang='lat' dir='ltr'><strong>quaestionem</strong></span> <span class='ocrx_word' id='word_1_199' title='bbox 613 3121 674 3166; x_wconf 86' lang='lat' dir='ltr'><strong>nnn</strong></span> <span class='ocrx_word' id='word_1_200' title='bbox 689 3099 790 3164; x_wconf 89' lang='lat' dir='ltr'><strong>iisdem</strong></span> <span class='ocrx_word' id='word_1_201' title='bbox 803 3098 902 3180; x_wconf 78' lang='lat' dir='ltr'><strong>verbis</strong></span> <span class='ocrx_word' id='word_1_202' title='bbox 918 3101 947 3161; x_wconf 94' lang='lat' dir='ltr'><strong>in</strong></span> <span class='ocrx_word' id='word_1_203' title='bbox 965 3099 1107 3162; x_wconf 87' lang='lat' dir='ltr'><strong>alterutro</strong></span> <span class='ocrx_word' id='word_1_204' title='bbox 1120 3121 1209 3165; x_wconf 89' lang='lat' dir='ltr'><strong>mern·</strong></span> 
     </span>
    </p>
   </div>
   <div class='ocr_carea' id='block_1_4' title="bbox 119 3211 1209 3881">
    <p class='ocr_par' dir='ltr' id='par_1_5' title="bbox 119 3211 1209 3881">
     <span class='ocr_line' id='line_1_25' title="bbox 198 3211 508 3300; baseline 0.019 -26"><span class='ocrx_word' id='word_1_205' title='bbox 198 3211 253 3278; x_wconf 90' lang='lat' dir='ltr'><strong>hro</strong></span> <span class='ocrx_word' id='word_1_206' title='bbox 278 3227 409 3300; x_wconf 89' lang='lat' dir='ltr'><strong>repetere</strong></span> <span class='ocrx_word' id='word_1_207' title='bbox 433 3215 508 3280; x_wconf 85' lang='lat' dir='ltr'><strong>lieet.</strong></span> 
     </span>
     <span class='ocr_line' id='line_1_26' title="bbox 268 3324 1209 3418; baseline 0.006 -28"><span class='ocrx_word' id='word_1_208' title='bbox 268 3324 367 3392; x_wconf 70' lang='lat'>101211</span> <span class='ocrx_word' id='word_1_209' title='bbox 391 3329 443 3394; x_wconf 88' lang='grc'><strong>28.</strong></span> <span class='ocrx_word' id='word_1_210' title='bbox 476 3329 573 3405; x_wconf 81' lang='grc' dir='ltr'><strong><em>ἰνέοιν</em></strong></span> <span class='ocrx_word' id='word_1_211' title='bbox 592 3330 628 3398; x_wconf 78' lang='grc' dir='ltr'><strong>δέ</strong></span> <span class='ocrx_word' id='word_1_212' title='bbox 650 3325 686 3395; x_wconf 83' lang='lat' dir='ltr'><strong>ad</strong></span> <span class='ocrx_word' id='word_1_213' title='bbox 711 3331 795 3404; x_wconf 75' lang='grc' dir='ltr'><strong><em>εἶναι</em></strong></span> <span class='ocrx_word' id='word_1_214' title='bbox 817 3334 871 3394; x_wconf 78' lang='lat' dir='ltr'><strong>ant</strong></span> <span class='ocrx_word' id='word_1_215' title='bbox 893 3331 972 3394; x_wconf 81' lang='grc' dir='ltr'><strong><em>πᾶσι</em></strong></span> <span class='ocrx_word' id='word_1_216' title='bbox 994 3331 1118 3406; x_wconf 84' lang='grc' dir='ltr'><strong><em>τούτοις</em></strong></span> <span class='ocrx_word' id='word_1_217' title='bbox 1140 3329 1209 3418; x_wconf 82' lang='grc' dir='ltr'><strong><em>ὁρι-</em></strong></span> 
     </span>
     <span class='ocr_line' id='line_1_27' title="bbox 201 3438 1208 3531; baseline 0.006 -27"><span class='ocrx_word' id='word_1_218' title='bbox 201 3438 365 3525; x_wconf 71' lang='grc' dir='ltr'><strong><em>σθήσεται,</em></strong></span> <span class='ocrx_word' id='word_1_219' title='bbox 388 3443 432 3528; x_wconf 78' lang='grc' dir='ltr'><strong>τῷ</strong></span> <span class='ocrx_word' id='word_1_220' title='bbox 455 3440 494 3506; x_wconf 81' lang='grc' dir='ltr'><strong>τὰ</strong></span> <span class='ocrx_word' id='word_1_221' title='bbox 514 3449 573 3527; x_wconf 75' lang='grc' dir='ltr'><strong>μὲν</strong></span> <span class='ocrx_word' id='word_1_222' title='bbox 590 3449 760 3531; x_wconf 70' lang='grc' dir='ltr'><strong><em>μεμῖχθαι,</em></strong></span> <span class='ocrx_word' id='word_1_223' title='bbox 784 3441 824 3508; x_wconf 72' lang='grc' dir='ltr'><strong>τοὶ</strong></span> <span class='ocrx_word' id='word_1_224' title='bbox 842 3444 879 3510; x_wconf 79' lang='grc' dir='ltr'><strong>δὲ</strong></span> <span class='ocrx_word' id='word_1_225' title='bbox 892 3450 1074 3527; x_wconf 74' lang='grc' dir='ltr'><strong><em>κεκρᾶσθαι</em></strong></span> <span class='ocrx_word' id='word_1_226' title='bbox 1077 3493 1090 3521; x_wconf 87' lang='lat'><em>,</em></span> <span class='ocrx_word' id='word_1_227' title='bbox 1112 3442 1153 3509; x_wconf 80' lang='grc' dir='ltr'><strong>τοὶ</strong></span> <span class='ocrx_word' id='word_1_228' title='bbox 1172 3445 1208 3510; x_wconf 78' lang='lat' dir='ltr'><strong>dd</strong></span> 
     </span>
     <span class='ocr_line' id='line_1_28' title="bbox 160 3553 1208 3638; baseline 0.003 -17"><span class='ocrx_word' id='word_1_229' title='bbox 160 3617 167 3630; x_wconf 89' lang='grc'><em>,</em></span> <span class='ocrx_word' id='word_1_230' title='bbox 199 3556 371 3634; x_wconf 74' lang='grc' dir='ltr'><strong><em>δεδέσθαι,</em></strong></span> <span class='ocrx_word' id='word_1_231' title='bbox 393 3553 434 3622; x_wconf 73' lang='grc' dir='ltr'><strong>τοὶ</strong></span> <span class='ocrx_word' id='word_1_232' title='bbox 459 3557 496 3623; x_wconf 78' lang='grc' dir='ltr'><strong>δὲ</strong></span> <span class='ocrx_word' id='word_1_233' title='bbox 517 3562 766 3638; x_wconf 74' lang='grc' dir='ltr'><strong><em>πεπυκνῶσθαι,</em></strong></span> <span class='ocrx_word' id='word_1_234' title='bbox 790 3557 830 3624; x_wconf 79' lang='grc' dir='ltr'><strong>τὰ</strong></span> <span class='ocrx_word' id='word_1_235' title='bbox 855 3561 892 3625; x_wconf 79' lang='grc' dir='ltr'><strong>δὲ</strong></span> <span class='ocrx_word' id='word_1_236' title='bbox 908 3571 978 3636; x_wconf 68' lang='grc' dir='ltr'><strong><em>ταῖς</em></strong></span> <span class='ocrx_word' id='word_1_237' title='bbox 998 3557 1115 3636; x_wconf 78' lang='grc' dir='ltr'><strong><em>ἄλλοις</em></strong></span> <span class='ocrx_word' id='word_1_238' title='bbox 1135 3561 1208 3625; x_wconf 79' lang='grc' dir='ltr'><strong><em>δια-</em></strong></span> 
     </span>
     <span class='ocr_line' id='line_1_29' title="bbox 119 3674 1208 3766; baseline 0.002 -26"><span class='ocrx_word' id='word_1_239' title='bbox 119 3701 122 3707; x_wconf 94' lang='grc'><em>·</em></span> <span class='ocrx_word' id='word_1_240' title='bbox 198 3685 317 3761; x_wconf 76' lang='grc' dir='ltr'><strong><em>φοραῖς</em></strong></span> <span class='ocrx_word' id='word_1_241' title='bbox 330 3679 524 3762; x_wconf 74' lang='grc' dir='ltr'><strong><em>κεχρῆσθαι,</em></strong></span> <span class='ocrx_word' id='word_1_242' title='bbox 555 3674 659 3762; x_wconf 80' lang='grc' dir='ltr'><strong><em>ὥσπερ</em></strong></span> <span class='ocrx_word' id='word_1_243' title='bbox 682 3675 702 3762; x_wconf 79' lang='grc' dir='ltr'><em>ἢ</em></span> <span class='ocrx_word' id='word_1_244' title='bbox 715 3683 784 3764; x_wconf 73' lang='grc' dir='ltr'><strong><em>χεὶρ</em></strong></span> <span class='ocrx_word' id='word_1_245' title='bbox 801 3677 927 3763; x_wconf 65' lang='lat' dir='ltr'><strong>derude.</strong></span> <span class='ocrx_word' id='word_1_246' title='bbox 955 3679 1138 3766; x_wconf 82' lang='lat' dir='ltr'><strong>Magnnpere</strong></span> <span class='ocrx_word' id='word_1_247' title='bbox 1154 3681 1208 3744; x_wconf 85' lang='lat' dir='ltr'><strong>rni-</strong></span> 
     </span>
     <span class='ocr_line' id='line_1_30' title="bbox 199 3793 1207 3881; baseline 0.008 -29"><span class='ocrx_word' id='word_1_248' title='bbox 199 3812 254 3856; x_wconf 88' lang='lat' dir='ltr'><strong>nnr</strong></span> <span class='ocrx_word' id='word_1_249' title='bbox 275 3796 418 3858; x_wconf 87' lang='lat' dir='ltr'><strong>neminem</strong></span> <span class='ocrx_word' id='word_1_250' title='bbox 442 3796 470 3856; x_wconf 90' lang='lat' dir='ltr'><strong>in</strong></span> <span class='ocrx_word' id='word_1_251' title='bbox 495 3793 541 3857; x_wconf 92' lang='lat' dir='ltr'><strong>his</strong></span> <span class='ocrx_word' id='word_1_252' title='bbox 556 3793 654 3857; x_wconf 90' lang='lat' dir='ltr'><strong>verbis</strong></span> <span class='ocrx_word' id='word_1_253' title='bbox 671 3793 813 3860; x_wconf 83' lang='lat' dir='ltr'><strong>offensum</strong></span> <span class='ocrx_word' id='word_1_254' title='bbox 837 3817 908 3860; x_wconf 87' lang='lat' dir='ltr'><strong>esse.</strong></span> <span class='ocrx_word' id='word_1_255' title='bbox 939 3795 1013 3860; x_wconf 88' lang='lat' dir='ltr'><strong>Nam</strong></span> <span class='ocrx_word' id='word_1_256' title='bbox 1031 3807 1088 3858; x_wconf 89' lang='lat' dir='ltr'><strong>tam</strong></span> <span class='ocrx_word' id='word_1_257' title='bbox 1105 3808 1207 3881; x_wconf 88' lang='lat' dir='ltr'><strong>aperte</strong></span> 
     </span>
    </p>
   </div>
   <div class='ocr_carea' id='block_1_5' title="bbox 199 3905 1206 4076">
    <p class='ocr_par' dir='ltr' id='par_1_6' title="bbox 199 3905 1206 4076">
     <span class='ocr_line' id='line_1_31' title="bbox 199 3905 1206 3998; baseline 0.009 -31"><span class='ocrx_word' id='word_1_258' title='bbox 199 3905 251 3969; x_wconf 86' lang='lat' dir='ltr'><strong>Ar.</strong></span> <span class='ocrx_word' id='word_1_259' title='bbox 268 3910 298 3972; x_wconf 91' lang='lat' dir='ltr'><strong>in</strong></span> <span class='ocrx_word' id='word_1_260' title='bbox 318 3913 483 3995; x_wconf 89' lang='lat' dir='ltr'><strong>posteriore</strong></span> <span class='ocrx_word' id='word_1_261' title='bbox 507 3911 721 3976; x_wconf 77' lang='lat' dir='ltr'><strong>enuntiationis</strong></span> <span class='ocrx_word' id='word_1_262' title='bbox 744 3923 828 3996; x_wconf 86' lang='lat' dir='ltr'><strong>parte</strong></span> <span class='ocrx_word' id='word_1_263' title='bbox 851 3933 907 3988; x_wconf 90' lang='lat' dir='ltr'><strong>res,</strong></span> <span class='ocrx_word' id='word_1_264' title='bbox 931 3923 1078 3998; x_wconf 88' lang='lat' dir='ltr'><strong>quatenus</strong></span> <span class='ocrx_word' id='word_1_265' title='bbox 1102 3913 1206 3976; x_wconf 86' lang='lat' dir='ltr'><strong>autin</strong></span> 
     </span>
     <span class='ocr_line' id='line_1_32' title="bbox 993 4023 1012 4076; baseline 0 0"><span class='ocrx_word' id='word_1_266' title='bbox 993 4023 1012 4076; x_wconf 78' lang='lat'><strong>11</strong></span> 
     </span>
    </p>
   </div>
   <div class='ocr_carea' id='block_1_6' title="bbox 0 0 1460 4778">
    <p class='ocr_par' dir='ltr' id='par_1_7' title="bbox 0 0 1460 4778">
     <span class='ocr_line' id='line_1_33' title="bbox 0 0 1460 4778; baseline 0 4"><span class='ocrx_word' id='word_1_267' title='bbox 0 0 1460 4778; x_wconf 95' lang='lat' dir='ltr'><strong> </strong></span> 
     </span>
    </p>
   </div>
  </div>
 </body>
</html>
